5534 6984
2091 788 2163 859 10⁷

1037 974 1253 1042 Matthaeus
1281 974 1539 1059 Phiiooapells

522 1131 580 1198 Vir
599 1136 633 1197 et
653 1131 925 1213 praestantissimo
944 1130 1070 1211 ingenio
1089 1136 1123 1195 et
1140 1128 1288 1213 flagranti
1308 1130 1414 1197 studio
1434 1136 1468 1196 et
1485 1130 1595 1199 doctus
1613 1149 1635 1198 a
1655 1148 1753 1214 puero
1775 1130 1920 1215 quicquid
1940 1130 2047 1213 potuit
2067 1132 2164 1199 studii

427 1230 469 1296 ad
497 1230 667 1297 docendam
693 1230 838 1297 Etbicam
868 1235 903 1295 et
932 1228 1175 1295 Grammaticum
1204 1228 1348 1297 adbiboit
1358 1230 1400 1313 ¹),
1434 1247 1541 1313 ‚eoque
1570 1232 1698 1299 nomine
1732 1230 1866 1299 omnium
1899 1230 1961 1298 sibi
1990 1232 2164 1299 conciliavit

428 1330 572 1410 gratiam.
614 1328 680 1397 Sub
703 1330 772 1412 ejus
795 1328 898 1411 effigie
916 1326 950 1393 bi
968 1326 1118 1407 leguntur
1138 1327 1258 1410 Pagani
1277 1346 1404 1395 versus:

908 1426 1082 1482 Motiboeuoa
1098 1428 1185 1483 oiooa
1201 1434 1338 1484 monebat
1350 1430 1465 1499 pictura
1484 1426 1633 1499 capallum,

943 1511 1003 1583 Quo
1021 1512 1090 1568 daco
1107 1512 1223 1569 mordis
1236 1516 1366 1585 pasoitur
1385 1514 1454 1571 ordo
1475 1514 1590 1571 scboloa

907 1598 1019 1655 Nobdb
1035 1598 1108 1654 baur
1126 1598 1223 1655 dorm
1238 1598 1407 1671 Erpbordio
1422 1600 1499 1656 misit
1512 1600 1552 1655 ud
1570 1617 1643 1669 oros,

940 1684 1052 1739 Morbo
1067 1701 1128 1739 cm
1141 1686 1265 1756 panum
1284 1692 1353 1741 soto
1370 1686 1466 1757 mccc
1478 1686 1583 1757 sorsat

906 1768 998 1825 Fidus
1013 1770 1062 1825 abi
1075 1772 1190 1842 potnias
1203 1778 1356 1843 praecepto
1371 1771 1472 1841 fidelia
1488 1788 1595 1829 morast

943 1855 1083 1923 iboda‘dit
1100 1858 1217 1929 iugem
1232 1858 1342 1928 pabulo
1355 1864 1440 1929 proto
1456 1860 1541 1929 prepi

909 1940 983 2011 Quid
999 1942 1074 2011 qaod
1090 1950 1118 1998 et
1133 1930 1261 1999 masibor
1272 1960 1329 1999 nost
1341 1946 1423 2015 mpero
1433 1945 1587 2015 relinquere
1598 1942 1682 2011 mdc,

941 2025 995 2083 Sed
1012 2028 1090 2084 soliti
1102 2030 1199 2100 pergit
1211 2029 1290 2100 sarrs
1310 2030 1415 2087 loboris
1433 2046 1509 2087 unua.

908 2114 968 2169 Pro
983 2116 1089 2170 acribia
1105 2116 1193 2187 ipius
1208 2117 1324 2172 mulbaum
1339 2118 1391 2172 obs·
1406 2118 1506 2188 patrio
1519 2114 1604 2184 debat,

941 2201 1002 2257 Noa
1017 2202 1145 2259 mediceo
1161 2203 1266 2272 ocimo,
1284 2204 1363 2259 dosa
1381 2203 1510 2274 copodo,
1529 2204 1635 2259 robora.

426 2287 515 2351 Anno
536 2285 659 2353 demum
680 2285 858 2369 linum,
886 2306 981 2371 quum
1008 2290 1168 2356 Autumno
1191 2292 1259 2373 jam
1285 2290 1468 2356 imminente
1493 2290 1592 2373 pestis
1614 2288 1752 2371 grassari
1779 2286 1944 2370 inciperet,
1972 2301 2101 2368 mmque
2123 2285 2162 2351 ob

426 2403 570 2451 mussam
591 2385 761 2451 Academia
782 2386 857 2453 sede
877 2387 1044 2455 exturbata
1064 2406 1124 2455 sua
1143 2390 1285 2457 exulum
1305 2389 1560 2472 Francobergue,
1582 2388 1713 2473 capello
1733 2404 1826 2455 senex
1844 2386 1928 2453 ritae
1948 2389 2117 2467 portuosus
2131 2389 2165 2451 et

423 2490 591 2567 propterea
611 2485 712 2552 locum
732 2490 857 2551 moure
877 2486 986 2553 nolens
1007 2505 1071 2555 una
1092 2508 1164 2556 cum
1182 2490 1288 2557 decem
1314 2490 1421 2558 liberis
1443 2490 1503 2555 hac
1523 2488 1593 2572 ipsa
1620 2488 1672 2555 lue
1698 2486 1892 2569 extinguitur
1911 2484 2030 2553 decimo
2051 2488 2163 2551 octavo

424 2584 569 2653 Octobris
590 2585 697 2669 die2),
727 2604 823 2668 quum
844 2586 1055 2669 quadraginta
1076 2588 1232 2657 docuisset
1253 2608 1371 2672 annos,
1400 2590 1500 2657 multa
1521 2606 1591 2655 cum
1610 2587 1702 2655 lande
1722 2587 1863 2669 sexagies
1874 2586 1904 2667 Ι)
1924 2586 2085 2667 Doeunm,
2114 2582 2164 2649 bis

423 2686 589 2768 uecors).
630 2686 668 2751 in
687 2702 808 2751 summo
828 2686 945 2770 templo
970 2688 1014 2755 ad
1034 2687 1185 2773 baptismi
1206 2689 1324 2757 iontem
1348 2690 1443 2759 humo
1471 2689 1612 2757 consitus
1638 2686 1766 2770 visitur,
1797 2684 1961 2753 laboribus
1987 2682 2163 2751 studiorum

423 2786 541 2853 inactus
564 2785 717 2867 anumque
737 2786 853 2869 grans

1089 3070 1268 3139 Nicolans
1294 3072 1494 3157 Asclepius

1226 3178 1360 3236 Barbatus

522 3317 719 3385 Cassellunos
740 3319 830 3385 initio
844 3318 1066 3387 efflorescentia
1079 3320 1265 3389 Academias
1279 3319 1340 3388 buc
1355 3338 1390 3389 se
1404 3320 1586 3401 Hombergu
1597 3316 1770 3397 cattorum,
1788 3315 1843 3383 ubi
1856 3314 1921 3381 ludi
1934 3314 2160 3381 moderatorem

426 3424 537 3500 egerat
556 3418 755 3501 primarium,
777 3419 927 3503 contulit,
948 3418 1169 3504 Philosophus,
1189 3420 1290 3487 Poeta
1311 3426 1345 3486 et
1366 3420 1498 3505 Orator,
1527 3420 1574 3485 uti
1593 3417 1730 3484 seculum
1751 3414 1827 3482 illud
1844 3413 1981 3495 foebus,
2002 3430 2066 3480 non
2087 3431 2161 3481 con-

426 3517 620 3583 temnendus.
671 3519 774 3599 Atque
801 3518 928 3600 quidem
955 3520 1038 3585 inter
1065 3518 1184 3602 primos
1206 3521 1395 3586 Academiae
1421 3536 1567 3603 proceres
1593 3516 1796 3583 Dialectiuum
1820 3518 1854 3580 at
1880 3512 2023 3579 Ethioum
2051 3512 2161 3580 docere

419 3618 525 3700 jussos
545 3621 604 3683 est.
646 3616 849 3685 Postmodum
874 3618 970 3683 ctiam
999 3635 1096 3700 quum
1118 3618 1206 3684 duris
1228 3618 1337 3686 Civilis
1365 3618 1574 3701 intelligentis
1600 3620 1697 3699 atque
1725 3612 1913 3697 prudentiae
1935 3628 2049 3694 genere
2069 3628 2160 3694 prae·

422 3722 534 3800 staret,
552 3718 844 3799 jurisconsultorum
862 3716 1019 3801 suffragiis
1040 3723 1074 3785 et
1093 3718 1229 3785 Ferrarii
1251 3736 1348 3802 opera
1366 3718 1453 3786 duris
1470 3716 1510 3785 U.
1522 3716 1666 3783 Doctoru's
1689 3714 1816 3781 titndnm
1836 3729 1874 3779 ac
1894 3728 2006 3777 nomeu
2025 3710 2160 3794 adeptus

421 3822 471 3883 cst
492 3834 575 3883 anuo
595 3816 779 3899 MDLVF).
822 3817 963 3884 Tandem
988 3818 1188 3901 grandaevus
1214 3822 1248 3885 et
1275 3820 1422 3887 emeritus
1447 3818 1487 3885 de
1515 3814 1667 3885 curriculo
1696 3814 1789 3897 bidus
1811 3812 1896 3879 vitae
1918 3811 2054 3878 decessit
2077 3827 2159 3877 anno

420 3916 588 3983 MDLXXI
605 3917 722 4000 Aprilis
741 3918 816 3985 xxi
827 3916 875 4003 ⁸),
892 3937 987 4001 quum
1006 3918 1149 3986 Macris
1168 3918 1370 3986 sustinnisset
1389 3916 1501 4000 semel,
1531 3914 1650 3983 Durani
1679 3917 1784 3979 summ
1805 3928 1919 3978 munus
1939 3910 2104 3994 quinquies
2125 3915 2159 3975 et

421 4016 504 4082 inter
525 4016 605 4082 alios
626 4016 793 4084 Crotonem
814 4017 1065 4101 Heimbachium,
1083 4017 1336 4087 Hersieldensern
1355 4023 1466 4101 postca
1481 4016 1640 4085 numum
1659 4018 1694 4081 ct
1713 4010 1839 4095 Imperii
1856 4010 1955 4093 ipsius
1975 4008 2160 4092 Principem

421 4115 636 4199 Philosopbica
650 4117 765 4231 ‘laurea
793 4136 876 4186 anno
896 4117 1065 4185 MDXidlI
1089 4118 1339 4188 coudcoorussat
1393 4118 1459 4185 Sub
1488 4117 1556 4201 eius
1584 4113 1721 4197 imagine
1747 4111 1806 4177 hoc
1829 4128 1881 4177 me
1909 4108 2021 4190 legisse
2041 4108 2161 4190 Pagani

422 4233 548 4281 carmen
569 4234 707 4283 memrm:

890 4315 977 4386 .de
993 4316 1047 4371 ros·
1063 4332 1135 4372 cono
1151 4317 1217 4371 celii
1232 4316 1389 4373 amando
1402 4314 1510 4386 frontis
1528 4314 1628 4383 imago,

936 4402 968 4457 Si
985 4399 1109 4469 dubitor,
1127 4402 1195 4459 lecto
1213 4405 1335 4459 cumina
1352 4401 1452 4459 doctus
1471 4402 1532 4457 cris.

902 4488 982 4543 Hace
1000 4494 1041 4543 cst
1057 4488 1200 4559 Acaclopii
1211 4489 1318 4558 sorim:
1335 4506 1414 4560 quem
1431 4488 1532 4545 coelico
1543 4484 1621 4555 juris

937 4574 1034 4645 Ropisa
1047 4580 1236 4645 permunient
1250 4576 1377 4645 plurimo
1394 4574 1465 4631 cidit
1482 4576 1583 4643 bymta,

903 4660 1038 4733 Quemque
1055 4661 1114 4716 suia
1129 4660 1209 4731 sooit
1226 4661 1371 4733 limum
1388 4662 1492 4733 Apollo
1509 4660 1558 4716 aab
1577 4658 1674 4725 cobis,

938 4746 1005 4802 Gom
1024 4754 1134 4819 caperet
1151 4747 1261 4805 Glorior
1278 4765 1313 4804 cc
1335 4748 1467 4805 Helicone
1483 4746 1563 4803 rabor.

519 4960 548 5028 l)
565 4956 668 5013 Munna
685 4957 847 5027 professoris
864 4956 976 5014 moralia
992 4956 1184 5030 philosophias
1201 4972 1263 5015 aum
1280 4954 1382 5013 udiiuo
1400 4970 1425 5013 a.
1445 4957 1526 5025 loto,
1543 4954 1643 5011 Album
1662 4950 1739 5011 arad.
1758 4949 1845 5009 docet

518 5045 549 5115 A)
564 5042 692 5113 Nigidius
709 5044 735 5100 d
752 5043 793 5115 X,
812 5044 946 5101 Pistoriae
964 5042 989 5101 d
1007 5043 1077 5099 xiil
1094 5044 1154 5101 Oct
1171 5044 1261 5101 nabet

518 5131 549 5200 3)
566 5130 613 5187 Sic
629 5129 701 5195 Dil;
719 5130 839 5188 soluisse
854 5128 963 5189 ridatuu
979 5131 1087 5189 udat..

516 5217 548 5287 4)
564 5216 660 5285 Imago
676 5216 889 5287 Pbilooapallac.

515 5304 547 5372 d)
564 5303 626 5359 iloc
643 5319 668 5360 a
686 5302 755 5358 idid
770 5303 870 5359 motum
888 5316 950 5361 asso
967 5306 1123 5372 promotore
1137 5302 1183 5361 io.
1200 5300 1396 5373 Oldcndorpio,
1414 5300 1538 5358 Striadsr
1555 5299 1584 5371 1,
1601 5315 1629 5370 p.
1646 5302 1696 5357 186
1713 5312 1748 5355 ar
1763 5294 1861 5355 Amul.
1880 5290 1959 5353 acad.
1976 5296 2051 5349 recte
2069 5290 2155 5349 affort

516 5390 547 5458 6)
564 5388 674 5459 Nigidio
690 5394 764 5445 tarta
783 5386 809 5444 d.
827 5386 880 5443 XX
898 5386 1001 5445 Martii.
