5534 6984
564 760 607 828 18

683 943 835 1010 MDXLII
863 941 1031 1026 Oasparus
1059 940 1242 1023 Rhodoipii
1272 937 1523 1005 Gantstadiensis
1551 938 1633 1004 Dial.
1667 939 1746 1022 prof.
1783 945 1816 1006 et
1844 938 2035 1023 Poedagogii
2063 936 2208 1025 Ephorus
2247 955 2304 1020 per

561 1063 676 1113 annum
697 1044 863 1124 integrum.

684 1140 854 1209 MDXLIII
876 1138 993 1207 Justus
1013 1138 1174 1206 Siudaeus
1194 1137 1230 1203 L.
1251 1138 1288 1204 L.
1311 1137 1349 1202 D.
1372 1141 1405 1202 et
1424 1136 1502 1220 prof.
1525 1137 1634 1204 Jauus
1654 1138 1834 1205 Oomurius
1856 1139 1899 1205 M.
1922 1139 1959 1204 D.
1982 1139 2137 1223 physicus.

683 1239 849 1306 MDXLIV
875 1237 919 1304 Μ.
947 1237 1104 1304 Meuiuus
1133 1237 1323 1304 Bieehierus
1337 1241 1367 1318 ¹)
1398 1235 1690 1303 Suhmalkaldianus
1723 1238 1805 1305 alias
1843 1237 2047 1308 Wutrimius
2080 1242 2139 1309 oet
2168 1240 2240 1307 Jan.
2272 1243 2305 1304 et

562 1341 704 1409 Joauues
724 1339 921 1407 Draeouites
943 1335 1177 1402 Carolostadius
1200 1335 1307 1402 Theoi.
1326 1334 1407 1419 prof.
1426 1340 1459 1402 et
1478 1335 1685 1402 Ecclesiastes
1709 1335 1945 1420 Marpurgensis
1966 1340 2024 1406 eal.
2044 1341 2144 1408 Julits.

685 1438 834 1505 MDXLV
856 1435 1000 1504 Joauues
1015 1436 1194 1502 Ferrarius
1214 1435 1384 1502 Montanus
1405 1435 1432 1500 V
1452 1436 1570 1501 Rector
1590 1443 1624 1503 et
1643 1434 1982 1521 JoauuesDryauder.
2025 1440 2212 1524 Theologiae
2230 1460 2304 1508 vero

562 1541 709 1607 Decorus
731 1536 875 1605 Joauues
889 1535 1094 1616 Draoouiiee,
1115 1553 1135 1600 a
1155 1552 1218 1618 quo
1238 1534 1522 1601 intercurrentibus
1542 1536 1633 1601 annis
1655 1535 1696 1601 ad
1717 1555 1818 1620 usqne
1831 1538 1918 1605 DLX
1938 1540 2071 1606 cessatio
2083 1541 2143 1606 suit
2155 1540 2306 1608 Decurio-

563 1645 667 1705 natus.
716 1637 795 1703 Post
822 1636 941 1701 obitum
966 1635 1048 1700 enirn
1075 1634 1254 1701 Draoonitis
1282 1633 1419 1716 sigillum
1451 1636 1595 1716 pervenit
1623 1635 1666 1700 ad
1694 1635 1848 1702 adamum
1876 1635 2062 1720 crotonem,
2101 1641 2185 1722 apud
2214 1659 2305 1724 quem

563 1737 714 1805 remansit
735 1754 835 1818 usqua
855 1733 896 1800 ad
916 1734 1014 1816 ipsius
1034 1734 1169 1816 exitum,
1197 1734 1287 1801 anuis
1306 1733 1411 1800 XXIV
1430 1733 1564 1800 durante
1585 1734 1640 1799 illa
1661 1736 1852 1817 cessatione,
1885 1737 1971 1818 quod
1992 1737 2158 1804 admodum
2183 1739 2305 1808 difficile

563 1836 713 1920 imprimis
732 1835 804 1900 novi
824 1833 984 1916 Gymnasii
1004 1833 1176 1899 conatibus.

685 1933 892 2016 MDXLVF)
916 1931 1059 1999 Jouuues
1089 1931 1264 1998 Louioerus
1291 1929 1432 1998 Graecae
1459 1930 1532 2012 ling.
1555 1929 1633 2012 prof.
1656 1930 1729 1997 Jan,
1753 1932 1819 1999 Cal.
1842 1935 2044 2002 Reotoratum
2065 1937 2155 2018 obiit,
2185 1944 2219 2004 et
2240 1941 2304 2006 Cui.

566 2035 658 2102 Juliis
677 2035 831 2101 Andreas
849 2033 1015 2116 Hyperius
1037 2029 1143 2097 Theoi.
1165 2030 1326 2114 professor
1344 2034 1379 2096 at

688 2131 868 2199 MDXLVII
881 2131 1025 2198 Joauues
1042 2129 1222 2196 Lersuerros
1236 2128 1357 2195 Hessus
1372 2127 1485 2195 Pontii.
1498 2128 1706 2212 Gaesareique
1716 2129 1801 2196 Juris
1813 2131 1862 2214 D,
1876 2133 1980 2200 Instit.
1994 2135 2076 2202 Prot
2097 2142 2130 2202 et
2141 2138 2308 2205 Dioasterii

566 2233 657 2300 Huss.
680 2248 821 2297 assessor
838 2247 895 2312 per
916 2231 1073 2310 integrum
1095 2245 1223 2294 annum.

688 2329 869 2400 MDXLIIX
900 2329 1045 2395 Joauues
1067 2326 1247 2411 Druauder
1267 2325 1292 2392 V
1322 2328 1437 2395 Rector
1461 2328 1518 2395 sal.
1542 2327 1613 2394 Jan.
1643 2333 1674 2393 et
1698 2327 1897 2398 steodaidus
1919 2330 2112 2400 Geriaohius
2139 2336 2307 2403 Billiaanus

566 2431 595 2496 J.
616 2429 654 2497 U.
676 2430 755 2515 proi.
777 2427 903 2496 dioendi
921 2426 1074 2508 Magister
1094 2427 1151 2493 cal.
1172 2425 1235 2492 Jul.

686 2527 854 2594 MDXLIX
874 2526 1027 2592 Andreae
1049 2525 1217 2609 Hyperius
1244 2526 1351 2592 Theol.
1379 2526 1462 2608 proi.
1489 2531 1523 2591 et
1544 2525 1687 2592 Joauues
1709 2526 1889 2596 Ferrarius
1920 2530 2088 2598 Montanus
2114 2534 2144 2599 J.
2168 2533 2205 2599 D.
2229 2536 2308 2601 Aea-

565 2630 684 2695 demiae
705 2623 986 2692 Viaeoanoeliarius
1004 2623 1050 2691 VI
1071 2626 1196 2692 Reotor.

689 2725 779 2792 MDL
807 2724 983 2808 Volquiuus
1010 2723 1153 2810 Viaeiius
1176 2723 1378 2792 Wetteranus
1400 2724 1483 2791 Med.
1505 2723 1543 2790 D.
1564 2721 1745 2792 Mathessos
1763 2725 1843 2809 prof.
1865 2733 1898 2793 at
1925 2729 2105 2814 Wraaudus
2126 2733 2310 2815 Happelius

566 2823 813 2910 Marpurgensis,
834 2821 914 2890 fleo.
936 2823 1012 2905 ling.
1032 2823 1111 2906 prof.

686 2924 792 2990 MDLI
830 2921 987 3007 Wiaaudo
1021 2923 1163 3006 Hapeiio
1199 2927 1390 3007 prorogatus
1420 2923 1607 2990 Rectoratus
1642 2925 1684 2990 ad
1713 2925 1778 2992 Cal.
1808 2924 1924 3007 Julius,
1961 2929 2077 3011 quibus
2106 2931 2135 2997 ei
2164 2934 2311 2998 successit

568 3023 711 3092 Joauues
731 3021 910 3090 Ferrarius
929 3021 990 3089 VH
1009 3022 1127 3088 Reutor
1147 3040 1168 3088 a
1189 3021 1254 3090 Cal.
1277 3020 1343 3088 Jnl.
1364 3040 1465 3104 usque
1486 3023 1529 3089 ad
1550 3022 1615 3090 (iai,
1638 3023 1711 3090 Jan.

689 3123 811 3189 MDLII
837 3122 981 3190 Joauues
1007 3122 1186 3207 Dryander
1214 3123 1257 3190 VI
1284 3122 1322 3188 R.
1349 3128 1382 3188 et
1411 3122 1599 3190 Matthaeus
1627 3123 1849 3208 Phiiooopeiia
1877 3125 1998 3193 Hassus
2031 3133 2092 3194 art.
2129 3129 2170 3194 Μ.
2200 3119 2309 3211 philos.

568 3223 697 3293 moralis
715 3221 847 3306 profess.
869 3222 982 3305 primo,

688 3321 829 3390 MDLHI
857 3320 1096 3404 Paitocapalae
1123 3327 1298 3390 rectoratus
1323 3321 1531 3405 prolongatus
1559 3322 1601 3387 ad
1631 3320 1751 3388 dulium
1780 3340 1932 3404 mensem,
1962 3342 2025 3405 quo
2054 3326 2087 3390 in
2115 3326 2182 3408 eJ'us
2210 3326 2309 3392 locum

568 3427 755 3505 surrogatus
776 3421 925 3488 Adamas
948 3420 1048 3490 Grato
1068 3422 1232 3505 Inspeotor
1253 3421 1466 3490 Eoolesiaram
1485 3419 1634 3502 Hassiae,
1660 3439 1730 3487 oum
1753 3419 1991 3505 Oldeudorpius
2011 3423 2212 3491 Reformator
2232 3427 2311 3491 Aon-

568 3519 688 3589 damiae
708 3522 957 3588 constitueretur.

691 3620 827 3686 MDLIV
849 3620 993 3688 Joauues
1014 3620 1192 3687 Ferrarius
1214 3619 1276 3688 ΠΧ
1296 3621 1334 3686 R.
1355 3626 1390 3685 et
1409 3617 1552 3686 Joauues
1575 3618 1754 3703 Dryander
1773 3619 1843 3687 vn.

692 3717 812 3785 MDLV
825 3717 969 3785 Joauues
985 3716 1224 3801 Oideudorpius
1237 3719 1333 3801 solus,
1352 3717 1401 3785 uti
1413 3723 1446 3784 et
1457 3736 1564 3784 omnes
1576 3717 1643 3784 iero
1657 3718 1867 3802 insequentes,
1881 3739 1918 3785 er
1932 3738 2065 3803 quorum
2080 3741 2209 3789 numero
2221 3724 2311 3787 Anno

693 3815 829 3884 MDLVI
848 3816 892 3884 M.
915 3815 1060 3885 Joauues
1079 3815 1255 3886 Louioerus
1277 3815 1417 3885 Graecae
1436 3815 1527 3899 Ling.
1549 3821 1583 3882 et
1601 3816 1708 3884 Theoi.
1730 3815 1897 3901 professor.

695 3913 847 3984 MDLVII
868 3915 1013 3984 Joauues
1034 3916 1212 3984 Ferrarius
1231 3915 1278 3983 IX
1297 3917 1373 3998 rice,

694 4011 846 4083 MDLIIX
875 4014 1054 4100 Wpuudus
1068 4015 1252 4100 Happelius
1274 4015 1348 4083 LL.
1362 4015 1453 4081 Doot.
1477 4020 1511 4080 et
1525 4013 1620 4080 Hebr.
1639 4014 1729 4097 Ling.
1746 4013 1913 4098 professor,
1935 4017 2023 4100 111³)
2044 4019 2110 4086 vioe
2122 4021 2159 4085 R„
2178 4021 2233 4085 cal.
2247 4022 2312 4102 jan.

694 4116 833 4182 MDLIX
856 4115 1127 4183 Bartholomaeus
1148 4116 1263 4200 Meyer
1284 4121 1344 4182 art.
1366 4115 1410 4180 M.
1432 4115 1489 4180 aed
1507 4115 1541 4179 in
1563 4115 1632 4198 ejus
1652 4130 1725 4179 mox
1743 4113 1847 4181 locum
1861 4116 2045 4200 Happelius
2059 4117 2109 4185 ad
2131 4118 2196 4187 Gal.
2215 4138 2313 4202 nsque

571 4215 663 4298 Julii,
693 4221 726 4282 et
754 4214 796 4280 ab
824 4214 875 4280 his
895 4212 1039 4281 Joauues
1061 4213 1299 4298 Oideudorpius
1326 4215 1367 4280 ad
1396 4215 1454 4280 ool.
1475 4212 1577 4279 Julius
1604 4214 1679 4279 anni
1705 4213 1844 4298 MDLX,
1865 4234 1928 4298 quo
1955 4235 2038 4283 anno
2066 4218 2252 4286 Rectoratus
2280 4227 2313 4286 et

572 4316 750 4382 Decanatus
763 4318 933 4398 cooperunt
947 4331 1016 4379 esse
1030 4313 1135 4396 annm,
1149 4331 1170 4379 a
1182 4313 1328 4380 calendis
1345 4313 1490 4380 videlicet
1503 4311 1524 4378 J
1525 4313 1579 4378 ulii
1592 4313 1744 4395 usquead
1757 4312 1911 4381 Calendis
1922 4315 1945 4383 J
1946 4315 2000 4382 ulii
2013 4315 2088 4384 anni
2100 4319 2259 4402 soquemis
2273 4324 2310 4401 ⁸).

696 4411 816 4479 MDLX
838 4411 935 4494 igitur
953 4430 1036 4480 anno
1055 4413 1097 4478 M.
1122 4411 1315 4481 Cduuradus
1337 4414 1528 4480 Matdraaus
1549 4411 1760 4479 Msfeldionus
1780 4413 1910 4480 Rhetor.

696 4511 831 4578 MDLXI
851 4509 1004 4578 Audreas
1025 4511 1194 4596 Hyperius
1215 4509 1311 4578 tertia
1331 4511 1407 4595 vice,

695 4607 846 4678 MDLXH
867 4609 1010 4678 Joauues
1031 4609 1268 4693 Oldeudorpius
1287 4609 1341 4692 IV,

695 4710 864 4778 MDLXIH
885 4708 1028 4777 Joauurs
1043 4709 1224 4776 ·Louioerus
1244 4709 1298 4790 IV,

696 4807 862 4877 MDLXIV
889 4807 1068 4893 Wryaudus
1091 4807 1275 4892 Happelius
1291 4807 1413 4875 Codicis
1433 4808 1512 4891 proi.
1534 4807 1586 4874 IV.
1610 4810 1677 4875 vire
1698 4809 1734 4874 R.

696 4907 844 4976 MDLXV
866 4908 1060 4976 Oduuradus
1083 4907 1272 4976 Marianae
1296 4905 1383 4975 Orat
1405 4907 1485 4990 proi.

679 5151 706 5220 1)
725 5150 758 5206 ln
776 5149 848 5204 Albo
866 5156 909 5206 est
926 5149 1090 5207 Plecdlerur.

675 5237 706 5305 2)
722 5235 777 5291 Dii.
795 5235 904 5304 soripdt
915 5234 1073 5291 MBLXVI.

677 5321 1108 5389 Mfflwmmmffl

680 5407 711 5474 4)
730 5403 808 5475 Quod
825 5406 863 5464 M.
883 5407 912 5463 C.
931 5407 1040 5466 Curtius
1059 5407 1122 5466 &rt
1139 5407 1217 5466 aaa
1234 5409 1325 5468 hb.
1345 5411 1419 5468 1772.
1441 5412 1489 5470 iod.
1513 5429 1540 5482 p.
1563 5413 1656 5470 mn
1679 5432 1701 5471 a
1718 5414 1879 5471 Monxvn
1896 5417 1999 5472 iram
2013 5428 2077 5470 eno
2091 5413 2162 5468 turo
2187 5412 2276 5468 refert.
