5534 6984
1068 1095 1267 1176 Philippus
1292 1094 1512 1161 Dorstenius

523 1246 757 1331 itorpurgensis
776 1254 869 1315 natus
882 1253 973 1329 patre
984 1244 1105 1315 Medico
1128 1252 1162 1311 et
1178 1245 1365 1329 Philosopho
1377 1246 1420 1312 ad
1433 1247 1537 1313 studia
1550 1247 1672 1330 appulit
1691 1253 1724 1314 et
1742 1249 1810 1331 ipse
1829 1248 1976 1315 animun
2018 1247 2155 1328 Ideoque

426 1365 498 1416 cum
518 1348 706 1430 percepisset
725 1366 780 1425 ea,
809 1364 890 1429 qnae
917 1344 1037 1411 unaco
1058 1349 1150 1411 oetas
1177 1344 1299 1413 ferebat
1327 1345 1426 1411 atilli
1446 1346 1587 1427 inprimis
1609 1348 1785 1413 necessario
1806 1352 1898 1429 sunt,
1924 1348 1992 1431 qui,
2019 1364 2102 1429 qnae
2123 1346 2156 1411 in

425 1452 540 1513 nature
566 1454 691 1515 retrusa
718 1452 791 1513 suut
818 1452 853 1512 et
875 1444 998 1526 abdite,
1036 1462 1131 1511 nosse
1158 1446 1259 1527 cupit,
1295 1444 1338 1511 ad
1364 1446 1633 1527 peregrinationes
1659 1446 1776 1529 adjecit
1801 1447 1955 1529 animum,
1994 1446 2089 1528 idque
2119 1464 2156 1511 eo

425 1544 572 1629 oonsilio,
598 1554 636 1613 ut
655 1564 737 1629 quae
757 1545 917 1611 didinsset
935 1545 1053 1622 artium
1071 1548 1106 1611 et
1124 1544 1296 1611 medicinae
1315 1550 1485 1627 praecepte
1508 1550 1542 1611 et
1561 1546 1721 1626 instituta,
1753 1546 1864 1613 eadem
1884 1564 1945 1611 usu
1960 1564 2065 1613 rcrnrn
2084 1563 2156 1612 con·

425 1643 568 1712 firmaret
589 1650 623 1713 et
641 1645 841 1729 experientia
883 1644 988 1727 Atque
1007 1645 1053 1709 sic
1074 1644 1218 1725 quidem,
1246 1660 1345 1725 quum
1365 1661 1430 1711 non
1451 1644 1555 1711 minus
1577 1644 1746 1729 industria,
1776 1664 1871 1729 quam
1891 1644 2022 1712 seientia
2042 1650 2156 1711 auctus

425 1762 465 1811 ex
481 1746 576 1812 Itolia
594 1740 757 1826 redisset,
785 1762 950 1826 procerum
973 1743 1231 1809 Academicorum
1255 1760 1409 1809 consensu
1436 1742 1596 1811 doctrines
1623 1750 1656 1811 et
1683 1744 1810 1811 virtutis
1838 1744 1972 1827 insignia
1998 1761 2061 1809 nou
2088 1746 2157 1811 sine

424 1845 541 1911 mic
559 1845 703 1926 inuepus
722 1845 756 1909 in
768 1844 991 1926 medicorum¹)
1011 1860 1174 1909 nnmerum
1186 1847 1352 1923 cooptatur
1364 1843 1504 1909 oratioue
1524 1844 1610 1925 prius
1624 1844 1744 1911 XXVII
1757 1844 1833 1927 Moji
1853 1860 1935 1911 anno
1949 1842 2116 1909 MDLXXI
2124 1844 2156 1925 ¹)

425 1942 465 2009 de
484 1944 565 2010 artis
582 1942 724 2010 Medione
751 1943 939 2011 difficultate
964 1949 999 2009 et
1025 1942 1222 2025 praestantia
1247 1942 1364 2009 habita.
1413 1940 1473 2007 Sed
1503 1942 1585 2012 enim
1612 1962 1706 2025 quurn
1734 1960 1861 2027 operurn
1886 1943 2023 2025 patriae,
2054 1958 2157 2025 aqua

426 2060 547 2143 somna
566 2061 711 2127 qumque
731 2048 912 2125 acceperut,
937 2042 1071 2109 nidere
1095 2046 1238 2123 pararet,
1265 2041 1299 2109 in
1324 2042 1395 2122 ipso
1424 2042 1515 2122 quasi
1539 2042 1630 2109 aditu
1658 2046 1691 2109 et
1711 2043 1817 2111 limine
1833 2048 1935 2109 morte
1953 2046 2157 2124 praematura

425 2160 591 2224 oppressus
610 2144 762 2224 unimam,
792 2160 885 2225 qnam
911 2142 945 2207 in
971 2141 1081 2207 eadem
1102 2140 1267 2222 hamunt,
1301 2140 1374 2205 istie
1394 2157 1516 2222 quoque
1536 2143 1643 2225 posuit
1664 2141 1709 2209 VI
1729 2142 1839 2211 Martii
1860 2159 1941 2210 anno
1961 2140 2157 2207 MDLXXIV

425 2242 475 2308 riu
493 2242 662 2309 triennium
681 2240 867 2324 professoris
886 2240 1064 2323 perfunctus
1084 2258 1220 2307 munere.
1262 2239 1407 2321 Nigidius
1433 2239 1565 2307 hominis
1593 2242 1773 2309 memoriam
1801 2241 1886 2309 hune
1914 2239 2055 2309 versibus
2083 2257 2156 2323 pro-

424 2347 577 2422 sequutus
598 2347 662 2407 est:

906 2439 1070 2494 Doreternrn
1087 2436 1197 2491 Medico
1218 2443 1301 2493 notua
1315 2444 1411 2506 putre,
1428 2436 1500 2507 flore
1515 2436 1663 2505 juventae

940 2526 1096 2592 Paeonin⁸)
1114 2522 1194 2578 valae
1210 2523 1301 2579 clarere
1318 2524 1348 2577 in
1364 2530 1425 2578 nrte
1437 2521 1504 2590 fuit

907 2610 1041 2681 Coeperat
1061 2616 1087 2665 et
1103 2610 1207 2663 dadano
1221 2610 1311 2679 proci
1325 2608 1501 2663 inclarescere
1517 2610 1631 2679 poesim,

940 2699 1066 2754 Phoebea
1083 2698 1177 2751 multia
1191 2696 1346 2751 auxiliatus
1364 2711 1423 2765 ope.

906 2786 1014 2841 Invidit
1025 2786 1146 2854 sentuno
1158 2783 1257 2852 ferox,
1273 2794 1336 2837 nnnc
1355 2782 1475 2837 otornino
1492 2782 1565 2835 vitm

939 2872 1053 2927 Fatales
1064 2871 1162 2938 juveni
1176 2868 1325 2923 dissecuere
1343 2868 1459 2935 Deum).

905 2958 989 3013 Hunc
1006 2974 1082 3013 eoeer
1099 2960 1129 3011 in
1146 2956 1259 3011 Medico
1275 2956 1381 3009 Doctor
1397 2954 1564 3008 curtennis
1582 2958 1641 3007 orte

945 3044 1130 3113 Vutpaauw)
1150 3042 1238 3109 luxit,
1252 3041 1413 3111 filiolusque
1426 3054 1506 3110 puer,

905 3132 996 3187 Lucil
1012 3130 1076 3183 item
1093 3128 1196 3197 conjux
1212 3127 1320 3195 ἀνθ’)
1336 3124 1453 3181 viduato
1467 3126 1577 3191 monto,

940 3216 995 3270 Ceu
1014 3222 1107 3271 turtur
1122 3215 1197 3270 aecio
1214 3212 1403 3283 dwpolioto’)
1421 3226 1503 3265 nare.

913 3302 977 3357 une
996 3302 1128 3370 rurippi
1146 3300 1209 3367 eru,
1226 3300 1401 3369 mannen
1417 3303 1541 3351 moram
1559 3296 1638 3363 nen,

940 3389 1077 3447 Gronau
1092 3387 1157 3460 duno
1173 3386 1261 3451 nuce,
1277 3384 1342 3441 ἀκηι
1359 3384 1441 3439 celui
1450 3387 1473 3449 ·)
1490 3388 1568 3437 oeno
1579 3382 1675 3439 Poto.

423 3506 457 3566 et
476 3498 590 3567 iustus
610 3498 755 3583 Vulteius

905 3591 1016 3645 Plinius
1036 3591 1152 3659 ipram
1165 3589 1285 3657 propino
1300 3586 1454 3653 continuere
1470 3588 1584 3637 monum

938 3678 1014 3731 Dura
1030 3673 1136 3739 endec,
1150 3676 1182 3727 in
1196 3672 1283 3727 enodi
1300 3668 1419 3725 concidit
1435 3674 1494 3725 orte
1511 3670 1563 3736 eui.

904 3763 953 3819 Mc
968 3777 1076 3832 quoquc
1092 3760 1216 3829 defuncti
1231 3760 1358 3828 putentia
1373 3756 1493 3811 nembro
1510 3760 1642 3811 secantem

938 3848 1056 3905 Sustulit
1072 3847 1206 3903 ιωὴαῐαηε
1225 3852 1290 3899 teter
1311 3846 1340 3898 in
1360 3858 1411 3897 oro
1429 3858 1525 3915 uapor.

904 3936 945 3991 Ni
961 3950 1070 3989 certare
1091 3939 1179 3988 tonant
1197 3932 1317 4001 reliquos
1332 3930 1386 3999 pio
1402 3944 1469 3982 curn
1482 3928 1594 3997 fuieeet,

939 4022 1092 4076 Sewoeann
1109 4020 1196 4075 nean
1208 4017 1333 4088 soreitnn
1350 4018 1410 4085 ipse
1427 4030 1521 4069 menn.

912 4106 967 4163 Voe
981 4107 1050 4161 nelei
1066 4120 1120 4175 quo
1133 4120 1192 4175 por
1207 4109 1259 4169 eet,
1272 4103 1361 4173 samue
1377 4106 1473 4157 nirata
1489 4098 1592 4165 decore,

941 4186 1589 4258 sontemneenrmenetrenurnamr.

907 4280 964 4337 Hic
980 4295 1034 4350 opo
1050 4294 1112 4335 cun
1127 4292 1231 4333 cunno
1246 4274 1418 4329 Medicorum
1436 4271 1567 4340 Principe
1584 4268 1677 4335 nicona

943 4356 1623 4437 Quonequenrorbueoditnecoenilulloluee.

907 4453 973 4507 Heu
989 4458 1056 4523 quot
1067 4451 1214 4521 samariae
1228 4449 1318 4519 sunna
1334 4444 1503 4502 minnere
1519 4448 1649 4509 nornen,

942 4538 1054 4592 Funera
1070 4539 1096 4592 oi
1112 4534 1222 4590 Medico
1239 4550 1313 4590 nona
1328 4536 1483 4603 properata
1499 4532 1582 4585 crocet.

524 4795 553 4857 l)
571 4788 636 4844 Coti.
653 4786 826 4842 medicorum.

523 4881 553 4945 2)
572 4872 655 4946 Apud
671 4871 838 4929 Striederum
858 4876 947 4926 exsut
966 4874 1046 4939 15703
1065 4866 1136 4939 quod
1153 4866 1208 4921 iili.
1228 4864 1352 4933 exhibet,
1369 4864 1397 4917 in
1414 4860 1477 4917 Albi
1495 4858 1569 4919 cond.
1588 4856 1742 4931 testimonio
1759 4856 1860 4913 nititur.

524 4964 553 5029 3)
572 4962 617 5017 Sic
633 4958 766 5029 Nigidius.
799 4956 864 5013 (loll.
884 4956 1029 5011 Paeoniae.

486 5104 493 5117 ,
523 5052 554 5115 4)
571 5048 663 5103 laocna
678 5044 809 5114 imaginis.

523 5132 722 5203 aJV01quiuua
739 5130 791 5201 [nic
808 5127 910 5199 Hippin]
928 5126 1053 5197 Vigelina
1069 5124 1209 5182 Dorutenii
1227 5138 1304 5179 socer
1320 5119 1379 5175 luit

524 5224 554 5288 6)
570 5218 661 5290 niglu.
679 5219 770 5273 cnoro.
788 5246 820 5255 -
841 5220 870 5281 7)
888 5213 953 5270 cao,
972 5212 1132 5281 dispoliata.
1151 5242 1186 5251 -
1209 5212 1240 5277 il)
1258 5206 1346 5277 Nipirl
1364 5206 1447 5262 vetet.
