5534 6984
570 823 618 893 44

569 1011 743 1077 defunctus.
792 1002 1001 1072 Parenlatum
1029 1024 1104 1072 sero
1132 1010 1180 1071 est
1207 1005 1274 1087 ejus
1303 1005 1473 1072 memoriae
1498 1006 1664 1074 slasane
1687 1005 1890 1087 Combacbio,
1917 1000 2096 1089 professore
2120 1005 2315 1091 philosopho,

569 1109 729 1176 luculente
749 1108 890 1173 oratione
916 1106 949 1170 in
972 1106 1128 1188 Panegyri
1147 1106 1335 1171 Academica
1355 1105 1474 1172 habits.
1521 1106 1657 1172 Libellos
1678 1107 1803 1188 scripsit
1822 1105 1926 1171 rerios
1948 1105 2151 1188 Tlreotopieos
2171 1108 2314 1189 inprimis

570 1214 604 1276 et
617 1211 644 1292 ¹)
665 1207 708 1274 ad
727 1207 941 1289 Philolopiom
960 1203 1121 1285 iacientes,
1144 1223 1161 1270 e
1182 1205 1293 1288 quibus
1314 1222 1433 1286 paucos
1453 1206 1563 1271 edidit.
1605 1206 1643 1272 In
1664 1206 1731 1288 ejus
1752 1205 1886 1289 effigiem
1908 1205 1947 1270 D.
1969 1203 2100 1286 Eglinus

1055 1303 1210 1374 lteotopas
1227 1303 1342 1370 Ductor,
1358 1304 1460 1358 Divisi
1472 1320 1629 1374 praecoque
1644 1305 1720 1362 serbi

1089 1390 1246 1445 Moltherus
1263 1390 1370 1456 Senior,
1388 1392 1543 1460 cognitione
1560 1392 1644 1446 trium

1056 1476 1231 1546 Linquorom
1249 1477 1391 1542 sacellam,
1408 1476 1461 1530 boe
1481 1476 1552 1531 locet
1568 1478 1688 1546 imoqiue
1705 1477 1808 1546 cultas,

1093 1562 1153 1632 Quo
1170 1578 1219 1618 uec
1236 1561 1402 1631 Philologus
1420 1559 1528 1616 doctior
1546 1562 1618 1617 alter
1634 1568 1695 1617 erat
1707 1563 1741 1632 ¹).

1213 1759 1420 1828 Balthasar
1448 1759 1673 1827 Mentzerus.

697 1931 747 1998 hd
776 1928 909 1995 Hessiae
937 1925 1002 1992 iere
1027 1925 1157 2006 limites,
1187 1925 1242 2006 qui
1260 1922 1303 1989 sd
1323 1923 1506 2005 Werrhem,
1535 1923 1681 2005 oppidum
1708 1928 1759 1990 est
1786 1924 1922 1993 Hassiae
1948 1926 2128 2009 Principum
2156 1942 2175 1992 a
2202 1926 2316 1992 Salinis

574 2037 697 2102 illustre
724 2035 896 2110 notumque
925 2024 1066 2091 omnibus
1094 2023 1228 2105 lactum,
1255 2028 1290 2088 ct
1310 2022 1551 2089 hllendoriiium
1578 2023 1619 2089 ad
1640 2023 1764 2090 Salinas
1791 2024 1964 2092 Hassiacas
1994 2025 2236 2092 denominatum.
2280 2023 2318 2091 ld

574 2133 709 2217 patriam
727 2132 838 2195 nectus
850 2127 1028 2192 Mentzerus
1051 2128 1125 2206 post
1143 2123 1267 2206 patriae
1289 2121 1428 2188 scholam
1441 2122 1607 2205 Marpurgi
1626 2123 1751 2205 optimis
1775 2124 1918 2190 eruditus
1939 2124 2110 2207 disciplinis
2130 2143 2188 2208 per
2210 2142 2319 2191 omnes

573 2233 727 2300 honorum
747 2227 1003 2294 scholasticorum
1027 2223 1144 2306 gratim
1166 2222 1326 2303 ascendit,
1353 2224 1388 2286 et
1415 2220 1632 2304 Philosophiae
1653 2223 1773 2304 pariter
1799 2227 1895 2306 atque
1923 2222 2113 2306 Theologiae
2135 2241 2263 2306 operam
2285 2223 2318 2290 in

574 2333 634 2400 hac
658 2327 827 2397 Academia
851 2325 980 2390 navavit
1006 2339 1135 2404 prorsus
1171 2320 1340 2403 egregiam.
1399 2319 1513 2386 Pastor
1541 2320 1700 2388 Ecclesiae
1727 2321 1944 2389 llirtoriiensis
1978 2323 2179 2389 constituitur
2208 2325 2318 2406 primo,

575 2432 708 2512 indeque
727 2429 762 2493 in
782 2426 887 2492 locum
907 2421 1062 2489 hrcularii
1082 2420 1231 2488 suffectus
1258 2438 1341 2484 anno
1363 2421 1563 2502 nonagesimo
1589 2426 1678 2487 sexto
1699 2439 1797 2504 supra
1818 2421 2014 2488 millesimum
2037 2422 2320 2505 quingentesimum

575 2537 608 2598 et
629 2530 749 2595 Doctor
767 2530 967 2606 nuncupatus
988 2539 1069 2587 enno
1091 2520 1313 2586 sexcentesimo
1339 2519 1458 2601 Ephori
1479 2538 1592 2586 munus
1613 2521 1773 2587 sustinuit.
1818 2521 1896 2587 Post
1917 2541 1987 2588 cum
2010 2521 2266 2587 Winckelmanno
2287 2526 2321 2587 ct

575 2628 752 2696 Leuchtero
773 2624 918 2690 Giessam
940 2619 1116 2701 contendit,
1136 2619 1189 2684 uhi
1209 2619 1372 2684 Professor
1393 2619 1581 2701 Theologiae
1603 2619 1722 2702 iactus,
1748 2639 1809 2686 non
1832 2620 1934 2687 solum
1955 2623 1987 2687 in
2007 2621 2192 2702 Academia,
2212 2639 2320 2686 verum

578 2729 674 2797 otiam
687 2723 829 2790 Ecclesia
843 2720 992 2802 singulari
1011 2719 1197 2800 industriae,
1217 2718 1406 2800 prudentiae
1426 2723 1460 2784 et
1481 2719 1677 2800 eloquentiae
1697 2719 1793 2786 laude
1812 2725 1956 2802 suscepto
1974 2720 2100 2786 iunctus
2121 2724 2171 2785 est
2192 2737 2319 2784 munere

577 2833 612 2895 et
631 2825 755 2907 scriptis
782 2821 919 2904 patriam
945 2824 978 2884 et
998 2818 1201 2883 reformatam
1227 2817 1412 2897 ePrincipe
1437 2817 1619 2899 religionem
1645 2821 1840 2901 oppugnavit
1865 2820 1983 2901 ingenii
2009 2820 2057 2884 sui
2086 2817 2264 2885 excellentis
2287 2824 2321 2885 et
2386 2894 2388 2897 ¹

578 2924 743 2994 exercitati
771 2921 850 2986 satis
878 2919 967 2984 vona
995 2922 1092 2999 atque
1119 2934 1194 2981 rara
1217 2934 1288 2982 curn
1315 2915 1507 2999 eruditione,
1533 2923 1600 2982 tum
1628 2936 1734 2982 rerum
1764 2918 2018 3000 Theologicarum
2042 2918 2124 2983 scitu
2154 2919 2320 3000 dignarum

578 3020 823 3106 explicatione³)
859 3017 986 3084 refertis
1018 3017 1207 3100 dogmaticis
1242 3019 1275 3081 et
1300 3015 1470 3096 polemicis
1506 3017 1713 3084 monumentis
1749 3035 1844 3099 quam
1875 3018 2016 3100 plurimis
2047 3016 2182 3099 sparsim
2218 3017 2320 3100 editis,

601 3141 661 3190 uae
680 3125 757 3188 sunt
766 3121 796 3202 ⁴)

579 3143 601 3206 q
705 3220 782 3302 Ejus
813 3215 895 3283 iconi
922 3215 955 3280 in
980 3231 1071 3296 aere,
1097 3211 1289 3296 Dilectione,
1318 3212 1379 3280 lide
1407 3217 1440 3280 et
1465 3231 1522 3295 spe
1548 3214 1744 3299 astantibus,
1770 3216 1909 3299 inciso³)
1934 3214 1968 3280 hi
1988 3211 2103 3280 Bernh.
2126 3212 2323 3280 Osterbaurii

581 3337 688 3389 versus
709 3317 856 3400 asscripti
875 3315 1024 3400 leguntur

1065 3413 1211 3468 Pictorem
1229 3412 1338 3480 Lector,
1355 3427 1438 3482 quoru
1456 3413 1551 3480 cernis,
1567 3414 1660 3485 imopo
1674 3414 1789 3484 pionem
1808 3419 1856 3481 est,

1100 3499 1220 3569 Sparso
1239 3496 1376 3554 Obsismm
1394 3499 1443 3567 qui
1456 3500 1562 3569 pietate
1579 3501 1679 3556 colunt.

1064 3585 1209 3656 Affulpsat
1228 3583 1361 3650 Cirorites,
1378 3585 1498 3640 Dilectio
1517 3585 1638 3656 Spesque
1657 3586 1802 3657 Fidesqae,

1103 3671 1185 3742 Qscis
1201 3671 1260 3727 aas
1275 3671 1403 3727 mortalis
1420 3687 1498 3728 aeno
1517 3672 1611 3729 beatus
1630 3673 1690 3729 erit.

1234 3870 1399 3937 loannes
1431 3869 1670 3952 Scholliust).

706 4040 765 4108 llic
784 4037 904 4104 Hessos
926 4033 1101 4115 etquidem
1121 4033 1387 4118 Bottimoutanus⁷
1408 4035 1539 4102 Joanuis
1555 4035 1682 4102 Molteri
1702 4035 1763 4103 luit
1781 4039 1999 4122 sympatriota,
2021 4045 2157 4122 agnatus
2178 4044 2210 4106 et
2232 4040 2323 4106 disci·

583 4142 692 4227 palus,
721 4139 776 4222 qui
804 4141 911 4202 noctes
939 4133 1068 4216 diesque
1095 4134 1128 4199 in
1156 4135 1292 4200 omnium
1319 4135 1532 4201 doctrinarum
1562 4136 1767 4202 meditatione
1800 4143 1944 4205 versatus
1971 4139 2004 4204 id
2029 4140 2184 4206 indefesso
2210 4139 2326 4206 meruit

584 4242 698 4322 studio,
719 4245 755 4305 ut
774 4239 941 4320 postquam
955 4232 1130 4300 Moltherus
1143 4233 1348 4316 Eridbergam
1368 4236 1575 4318 discessisset,
1593 4239 1723 4319 propter
1744 4238 1886 4304 eximiam
1900 4239 2107 4304 eruditionem
2127 4240 2219 4304 Anno
2234 4237 2325 4304 Moe

585 4340 626 4407 ad
647 4336 821 4405 docendum
841 4336 996 4416 Linguam
1018 4332 1166 4400 Sanctam
1187 4334 1399 4401 adhiberetur.
1449 4335 1567 4402 Verum
1588 4337 1798 4419 quinquennio
1819 4342 1904 4419 post,
1927 4355 2025 4420 quum
2046 4338 2220 4404 Moltherus
2232 4339 2262 4421 l)
2284 4336 2326 4403 sd

584 4436 784 4505 Academiam
803 4438 1013 4516 revocaretur,
1035 4432 1088 4498 ille
1109 4434 1245 4499 vicissim
1266 4433 1307 4499 ad
1330 4435 1501 4501 docendam
1521 4435 1693 4502 Ecclesiam
1705 4435 1965 4519 Fridbergensem
1987 4438 2115 4520 accitus,
2136 4455 2172 4502 eo
2194 4454 2230 4503 se
2251 4454 2325 4503 con·

584 4539 659 4604 tulit
676 4535 853 4616 ibidemque
879 4551 942 4599 non
970 4533 1015 4598 ita
1040 4532 1138 4598 multo
1166 4536 1239 4614 post
1265 4534 1389 4600 caelebs
1416 4534 1518 4601 adhuc
1544 4536 1579 4600 in
1598 4536 1666 4619 ipso
1684 4535 1801 4604 aetatis
1831 4535 1908 4603 flore
1930 4540 2104 4602 extremum
2126 4535 2208 4602 diem
2229 4537 2325 4605 obiit:

585 4638 634 4703 sir
652 4637 761 4717 ntique
785 4635 905 4716 pietate
927 4637 960 4698 et
980 4631 1156 4699 eruditione
1176 4633 1306 4714 insignis
1319 4635 1357 4716 ⁸).

689 4809 718 4878 1)
736 4813 763 4864 et
779 4807 870 4864 omisit
886 4805 982 4861 Tilcm.

689 4896 719 4965 2)
737 4893 790 4962 Qui
806 4909 824 4950 a
841 4893 937 4949 Tilena
956 4890 1090 4949 adduntur
1108 4897 1223 4962 quatuor
1238 4908 1342 4964 versem,
1360 4907 1414 4948 non
1432 4899 1541 4951 exstant
1556 4893 1631 4964 opud
1648 4895 1703 4953 nit

689 4983 718 5050 3)
736 4981 828 5049 lmsgo
846 4978 988 5034 Mentzeri.

689 5068 720 5137 4)
736 5065 856 5121 Dimidia
884 5065 941 5120 iere
969 5063 1086 5134 paginae
1112 5079 1177 5134 pars
1204 5080 1291 5121 rocus
1313 5063 1478 5135 relinquitur
1510 5065 1699 5123 enumerandis
1729 5065 1865 5124 hientsori
1892 5066 1983 5133 libris,
2013 5081 2127 5135 quorum
2160 5079 2258 5134 magns
2287 5069 2329 5119 est

589 5151 879 5308 seussbssezrzrrrffiam
896 5251 959 5293 aere
978 5266 1011 5276 -
1029 5235 1125 5303 inciso,
1143 5249 1214 5305 quae
1232 5235 1292 5293 cod.
1310 5237 1340 5292 in
1358 5239 1479 5307 margine
1497 5239 1616 5308 exhibet,
1634 5239 1725 5296 omisit
1744 5239 1840 5296 Tilem.

597 5383 604 5398 ,
691 5323 722 5392 6)
739 5323 818 5378 Hunc
836 5322 927 5378 omisit
944 5321 1041 5377 Tilem.

692 5409 722 5478 7)
740 5409 830 5464 Locus
848 5408 982 5476 imaginis.

692 5495 722 5565 8)
741 5493 827 5551 Parvo
846 5493 914 5548 haec
934 5494 968 5550 sb
986 5493 1145 5562 insequente
1161 5493 1216 5549 rita
1232 5499 1376 5563 reparatur
1394 5496 1492 5564 spatio.
