5534 6984
1177 985 1337 1052 Adamus
1366 982 1480 1053 Grato
1507 983 1719 1050 Fuldcnsis.

703 1153 827 1219 Primus
845 1149 981 1217 Hassiae
1008 1156 1082 1233 post
1101 1150 1184 1216 ritus
1204 1148 1441 1216 Ecclesiasticos
1466 1144 1672 1212 aPontificio
1702 1144 1854 1211 fermento
1884 1154 2068 1230 repurgatas
2097 1151 2321 1234 Antistites1),

581 1251 854 1334 Ecclesiarumque
865 1250 1091 1316 Hassiacarum
1102 1247 1141 1314 ad
1156 1248 1279 1314 Lanum
1292 1248 1455 1330 episcopus
1468 1250 1501 1311 et
1513 1245 1673 1311 Professor
1681 1244 1869 1326 Theologiae
1882 1245 2119 1330 Marpnrgensis
2136 1251 2322 1317 Academiae

581 1352 729 1436 primis²)
757 1350 947 1418 constitutus
975 1353 1025 1414 est
1050 1348 1150 1428 inter,
1177 1346 1269 1414 homo
1296 1363 1361 1412 non
1389 1345 1534 1410 domrina
1554 1345 1671 1426 solum,
1697 1363 1806 1411 verum
1834 1350 1868 1410 et
1888 1345 2076 1414 Christianis
2098 1349 2267 1415 nitatibus
2285 1367 2323 1414 ac

580 1450 764 1535 praesertim
782 1447 945 1530 modestia,
967 1447 1177 1529 temperantia
1196 1449 1229 1510 ct
1250 1444 1406 1512 charitate
1426 1445 1459 1510 in
1480 1444 1787 1526 pauperesinsignis.
1829 1445 2033 1512 Rectoratnm
2047 1453 2097 1512 ter
2110 1449 2142 1513 in
2155 1449 2323 1515 Academia

579 1549 678 1632 gessit
699 1547 876 1630 etquidem
895 1546 1031 1630 primum
1053 1547 1127 1628 post
1149 1543 1305 1610 loannem
1323 1543 1505 1610 Ferrarium
1524 1542 1713 1608 Montanum
1735 1559 1818 1609 anno
1833 1542 2013 1626 MDXXIX,
2035 1564 2097 1628 quo
2118 1545 2323 1630 Philippus⁸)

580 1649 756 1716 Hessorum
765 1647 915 1729 Princeps
935 1643 1057 1728 legibus
1076 1649 1110 1714 et
1128 1643 1302 1728 privilegiis
1316 1660 1374 1709 ceu
1387 1640 1553 1711 sanctioris
1566 1641 1729 1724 ammian
1742 1643 1983 1710 necessitudinis
1995 1646 2125 1712 vinculis
2140 1647 2322 1713 arctissimis

580 1748 780 1816 Academiam
801 1745 958 1813 astrinxit.
992 1743 1055 1812 Sed
1076 1761 1147 1809 cum
1168 1741 1211 1807 ad
1231 1760 1281 1809 res
1294 1737 1532 1808 Ecclesiasticas
1552 1757 1609 1822 pro
1630 1741 1769 1806 muneris
1790 1742 1912 1807 ratione
1932 1743 2143 1824 inspiciendas
2158 1746 2191 1812 in
2210 1764 2323 1827 agnum

581 1847 625 1914 ad
639 1848 762 1914 Lanum
778 1863 942 1912 excmrere
956 1847 1120 1924 cogeretur
1144 1840 1278 1924 saepius,
1296 1839 1434 1909 secundo
1447 1841 1564 1910 Rector
1586 1838 1769 1920 designatus
1790 1839 1877 1906 vices
1898 1859 1972 1907 suas
1981 1843 2161 1909 Rcinbardo
2177 1843 2323 1910 Lorichio

580 1945 722 2013 tradidit.
765 1944 851 2012 Obiit
862 1961 944 2010 anno
957 1940 1109 2007 MDLIIX
1122 1957 1204 2006 nono
1225 1939 1420 2024 Septembris
1437 1939 1488 2004 die
1508 1956 1604 2020 quum
1617 1937 1764 2003 Ecclesiis
1778 1937 1940 2006 Hassiacis
1957 1939 2047 2006 initio
2063 1941 2283 2009 relucescentis
2293 1945 2324 2026 ⁴)

580 2058 674 2111 acrae
694 2041 861 2126 Evangelii
892 2041 1055 2108 doctrinae
1082 2040 1116 2104 in
1148 2039 1258 2106 eadem
1286 2037 1507 2105 annunciando
1527 2036 1640 2103 fortem
1662 2042 1695 2103 et
1716 2035 1837 2103 fidelem
1863 2057 1994 2123 prorsus
2015 2047 2164 2107 navasset
2189 2060 2324 2124 operam,

581 2149 678 2226 atque
705 2139 751 2210 Xl
772 2143 858 2225 Sept.
887 2139 938 2207 die
968 2137 1061 2223 juxta
1088 2137 1271 2204 cathedram
1300 2137 1410 2220 templi
1437 2135 1626 2203 cathedralis
1645 2137 1788 2219 sepultus
1810 2143 1874 2218 est,
1909 2137 2085 2207 contionem
2121 2139 2258 2207 habente
2284 2143 2322 2207 D.

580 2239 732 2325 Rodingo.
774 2237 822 2308 De
843 2257 905 2323 quo
925 2237 1072 2322 Paganus

647 2363 649 2368 ,
1071 2333 1177 2404 Vegetio·
1193 2347 1304 2389 amessa
1318 2334 1433 2400 ammos,
1444 2334 1495 2404 pic
1511 2333 1604 2399 lector,
1621 2330 1725 2388 Adoni

1099 2419 1189 2475 Diolcc
1206 2418 1289 2475 dacus
1305 2419 1388 2486 nabi,
1402 2419 1630 2490 pramtdiampuc
1646 2417 1732 2474 mdes.

1065 2505 1173 2575 Popals‘
1188 2505 1273 2575 palso
1292 2505 1342 2562 icc
1358 2507 1426 2564 boec
1438 2505 1568 2575 falpebm
1581 2502 1700 2570 Adam,

1100 2589 1168 2646 com
1185 2595 1318 2661 sircpmt
1335 2591 1414 2648 osias
1430 2592 1537 2648 natica
1557 2590 1638 2647 turba
1655 2588 1742 2645 acob.

1065 2676 1157 2732 mcii
1173 2681 1200 2731 ei
1215 2677 1371 2733 Hennaeas
1382 2676 1445 2746 iam
1457 2676 1585 2748 piurima
1602 2676 1692 2731 iaaac
1705 2690 1759 2746 prr
1777 2690 1842 2730 oras

1098 2757 1229 2816 Nominis
1247 2759 1285 2816 aci
1303 2762 1399 2818 kades
1417 2761 1519 2832 optimc
1539 2761 1646 2817 moeso
1664 2761 1714 2828 tui,

1064 2841 1226 2901 Aciscream
1243 2843 1329 2904 donec
1343 2845 1456 2918 placide
1471 2852 1617 2903 revocabas
1636 2843 1675 2902 oa
1692 2846 1786 2902 summ

1098 2933 1202 2988 Actori
1218 2933 1302 2989 solvil
1318 2931 1411 2990 debito
1424 2945 1514 3005 peasa
1531 2945 1592 2988 sao.

1065 3018 1156 3088 Atque
1172 3019 1280 3073 asmona
1298 3019 1367 3076 iola
1379 3018 1457 3089 salic
1471 3019 1553 3089 serat
1568 3029 1642 3074 aura
1658 3018 1808 3083 missione,

1099 3104 1197 3172 nequo
1214 3104 1314 3174 osca
1330 3104 1406 3164 cabi
1423 3117 1492 3162 asra
1508 3105 1546 3161 ait
1562 3109 1646 3174 atpsa
1660 3104 1760 3174 propia.

1070 3380 1315 3452 Sebastianus
1342 3388 1543 3469 Augustus
1566 3384 1839 3463 Noutzenus⁵).

704 3537 838 3610 Sanctae
865 3537 992 3624 linguae
1012 3539 1192 3628 Professor,
1217 3543 1382 3632 Saitingae
1412 3545 1543 3634 oppido,
1571 3546 1655 3629 quod
1674 3543 1845 3611 Flandriae
1872 3543 1968 3608 veluti
1996 3544 2241 3625 promontorimn
2269 3548 2326 3622 cst,

582 3637 693 3707 amm
717 3659 797 3707 anno
819 3639 937 3723 Aprilis
958 3635 1066 3708 xxm
1094 3648 1188 3710 natus
1216 3646 1298 3711 circa
1318 3665 1498 3730 vesperam,
1526 3650 1598 3731 post
1625 3645 1728 3728 prima
1758 3642 1935 3710 studiorum
1965 3643 1997 3707 in
2025 3644 2131 3725 patria
2151 3643 2210 3709 sub
2232 3643 2326 3710 Justo

583 3739 719 3821 quodam
744 3745 777 3805 et
797 3740 945 3821 Spintero
974 3743 1229 3823 praeceptoribus
1259 3746 1414 3828 tyrocinia
1440 3744 1544 3828 posita
1564 3742 1769 3808 Waritschoti
1796 3743 1923 3824 linguae
1942 3741 2076 3807 Latinae
2096 3747 2266 3824 praecepta
2287 3743 2327 3807 ab

584 3837 747 3903 Hadriano
761 3837 927 3904 Matthaeo
949 3837 1066 3904 didicit
1110 3841 1210 3917 Quum
1232 3841 1329 3927 igitur
1346 3839 1396 3910 his
1416 3842 1540 3910 artibus
1560 3839 1693 3908 iniectus
1712 3849 1803 3908 tener
1823 3841 1865 3906 ad
1886 3840 2007 3921 majora
2021 3841 2159 3906 venisset
2176 3840 2328 3923 paratior,

583 3937 656 4002 hinc
676 3935 847 4002 Lovanium
867 3936 1074 4018 commigrans
1096 3938 1128 4002 in
1148 3938 1264 4010 Lilium
1284 3940 1493 4010 Flandrorum
1505 3942 1535 4023 ο)
1562 3940 1742 4022 collegium,
1771 3938 1856 4021 quod
1882 3938 2059 4005 incoluerat
2080 3939 2176 4004 etiam
2197 3955 2327 4020 magnus

586 4036 638 4103 ille
659 4035 895 4117 Roterodamus,
914 4037 1126 4119 praeceptoris
1148 4039 1196 4103 sni
1216 4039 1368 4108 Hadriani
1390 4039 1582 4107 authoritate
1594 4041 1624 4121 ⁷)
1642 4039 1792 4121 jussuque
1812 4039 1931 4119 recepit
1952 4054 2030 4119 sese,
2057 4038 2110 4103 ubi
2132 4038 2327 4104 doctissimos

584 4135 705 4202 audivit
718 4134 963 4201 virosioannem
975 4134 1125 4202 Cruceum
1139 4137 1327 4222 Barganum,
1347 4139 1530 4206 Michaelem
1543 4137 1753 4219 caslatannm,
1774 4138 1903 4202 Petrum
1918 4136 2134 4216 Contraceum,
2155 4135 2326 4202 Adrianum

584 4234 781 4299 Matthaaum
799 4237 832 4299 et
859 4231 1037 4300 Cornelium
1060 4235 1255 4318 Wertannm,
1282 4243 1469 4320 tentumque
1495 4239 1528 4304 in
1557 4238 1674 4321 optimo
1705 4251 1818 4318 genere
1839 4235 2062 4317 Philosophiae
2090 4236 2260 4316 processit,
2291 4241 2328 4300 ut

585 4331 760 4414 Magisterii
779 4348 842 4397 una
863 4348 932 4398 cum
953 4332 1023 4399 aliis
1044 4339 1167 4404 centum
1184 4337 1413 4421 quinquaginta
1431 4336 1581 4404 studiosis
1603 4353 1684 4402 anno
1699 4332 1756 4403 Oh.
1770 4333 1895 4401 MDXX
1912 4332 2078 4399 decoratus
2098 4332 2212 4400 ibidem
2230 4333 2328 4398 fuant

585 4431 677 4498 titulo
704 4435 738 4496 et
771 4431 804 4495 in
831 4429 943 4501 Lilaao
980 4431 1109 4514 collegio
1137 4433 1294 4502 Ciceronis
1323 4435 1484 4520 Epistolas
1519 4439 1552 4500 et
1581 4432 1704 4516 Virgilii
1732 4430 1873 4499 Aeneida
1905 4431 2146 4499 adolescentulis
2176 4449 2328 4498 enarrare

586 4530 721 4614 coeperit
739 4527 905 4614 primariis.
953 4529 1094 4599 Hortata
1121 4533 1233 4604 deinde
1255 4534 1388 4602 loannis
1408 4535 1520 4601 Naevii
1539 4533 1683 4600 Ganderi
1703 4533 1739 4597 in
1759 4549 1830 4598 eam
1850 4532 2004 4597 rationem
2026 4531 2185 4612 ingressus
2213 4536 2272 4614 est,
2292 4537 2328 4597 ut

584 4629 626 4698 ad
656 4623 881 4698 humanitatem
905 4622 1089 4702 informaret
1115 4631 1147 4700 in
1175 4631 1305 4702 aedibus
1327 4630 1461 4705 Gerardi
1485 4629 1679 4703 scholasticis
1706 4628 1827 4700 nobiles
1853 4627 1973 4712 aliquot
2003 4648 2129 4713 pueros.
2171 4630 2234 4698 Sed
2256 4648 2327 4696 curn

587 4783 641 4790 ...α-

689 4857 717 4926 1)
734 4856 781 4913 Sic
799 4856 910 4926 scripsit
926 4856 983 4920 Dil.

689 4942 719 5012 A)
736 4942 782 5000 Sic
798 4942 863 5013 Dii,
882 4943 956 5014 quod
974 4943 1070 5002 iiten.
1089 4949 1200 5005 maurit
1216 4949 1245 5005 ln
1260 4950 1377 5020 pomos.

689 5029 719 5098 3)
736 5028 804 5085 Post
820 5029 935 5098 primam
953 5030 1035 5090 huius
1052 5033 1128 5089 verbi
1145 5034 1278 5105 syllabam
1295 5036 1401 5093 inserta
1419 5043 1461 5093 cst
1478 5036 1568 5107 imago
1588 5037 1720 5094 Cratonis.

688 5113 718 5182 4)
737 5112 790 5186 Sic,
807 5128 862 5169 non
877 5115 1030 5184 relucentia,
1048 5117 1120 5188 quod
1140 5119 1193 5175 Til.
1211 5119 1304 5176 babet.

689 5201 718 5264 b)
736 5198 817 5254 lianc
835 5199 926 5255 omisit
944 5199 1052 5274 Tilena,
1077 5207 1107 5258 ut
1122 5203 1150 5259 in
1166 5203 1392 5276 philosophorum
1408 5206 1499 5276 potins
1516 5215 1656 5262 nnmerum
1675 5205 1798 5262 referret.
1835 5205 1926 5261 vitam
1944 5203 2079 5260 Noumeni
2098 5207 2160 5256 aute
2179 5199 2326 5256 Dilichium

586 5283 696 5356 scripsit
712 5282 850 5340 Gauius
868 5284 1059 5346 (ieldenhauer
1075 5303 1129 5346 nna
1147 5305 1209 5347 cum
1227 5292 1313 5362 ipsias
1331 5293 1388 5348 rita
1405 5291 1548 5363 Marpurgi
1565 5306 1587 5348 s.
1606 5307 1630 5347 a
1649 5291 1757 5349 editam.

689 5369 719 5439 6)
739 5366 803 5425 cod.
821 5369 1004 5432 Mardonius.

689 5455 719 5524 7)
737 5453 828 5514 Locus
845 5454 979 5526 imaginis.
