5534 6984
571 821 616 890 28

571 1026 643 1073 vera
665 1005 748 1071 inter
770 1003 827 1068 has
849 1001 917 1083 pios
940 1005 974 1065 et
995 1005 1119 1065 sanctos
1141 1004 1271 1065 conatus
1294 999 1342 1064 vir
1367 1000 1521 1082 optimus,
1546 1000 1743 1066 doctissimus
1765 1018 1804 1065 ae
1828 1001 1969 1082 inprimis
1991 1002 2168 1084 linguarum
2190 1009 2314 1085 praeter

572 1101 771 1173 vernaculam
800 1100 982 1182 Hebraeae,
1020 1098 1193 1182 chaldeae,
1228 1098 1362 1164 Latinae
1390 1099 1641 1180 peritissimuse
1675 1101 1741 1165 vita
1776 1105 1924 1166 evocatus
1953 1101 2170 1183 Wittehergae
2200 1121 2314 1184 magno

571 1204 702 1289 Reipub.
725 1207 757 1268 et
770 1199 929 1266 Ecclesiae
950 1199 1138 1264 detrimento
1160 1198 1238 1263 ohiit
1258 1215 1353 1264 senex
1374 1203 1407 1263 et
1428 1199 1670 1281 septuagenario
1690 1198 1966 1280 maJorMDLXVI
1985 1217 2066 1266 anno
2082 1201 2199 1282 Aprilis
2213 1204 2315 1286 XIIX,

572 1305 732 1389 praeclare
760 1299 896 1365 nominis
925 1299 975 1363 sui
1003 1299 1154 1363 memoria
1185 1296 1306 1364 relicta.
1356 1297 1531 1363 Transtulit
1565 1299 1647 1363 enirn
1680 1315 1787 1363 sacros
1821 1297 1942 1380 ahquot
1969 1298 2093 1365 Veteris
2122 1301 2315 1367 Testamenti

573 1403 668 1469 libros
691 1405 725 1466 et
745 1398 914 1467 succinctis
933 1397 1099 1479 explicavit
1120 1395 1365 1477 commentaris,
1393 1415 1433 1462 ex
1457 1397 1569 1480 quihus
1588 1401 1663 1463 sunt
1683 1397 1938 1464 Commentarius
1966 1400 2003 1463 in
2022 1399 2172 1466 Psalmos
2193 1402 2317 1484 aliqnot

573 1511 602 1570 et
623 1501 769 1585 capitulo
791 1497 948 1564 Geneseos
975 1497 1014 1562 de
1038 1495 1161 1562 Christi
1182 1516 1296 1578 regno:
1317 1495 1517 1563 Psalterinm
1545 1518 1584 1562 ee
1599 1497 1747 1564 Hebraeo
1777 1517 1903 1564 versam
1931 1517 2002 1563 cam
2031 1499 2162 1566 scholiis
2183 1503 2317 1567 seorsim

573 1601 752 1686 adjunctis:
789 1596 1044 1664 Commentarius
1079 1596 1116 1660 in
1145 1593 1316 1661 Danielem
1344 1616 1384 1660 ee
1409 1595 1557 1662 Hebraeo
1588 1616 1658 1663 cam
1688 1598 1832 1663 oratiam
1865 1604 1895 1662 et
1926 1598 2051 1662 indice:
2082 1599 2123 1663 In
2150 1600 2317 1675 Psalmnm

575 1701 679 1769 0x11
688 1701 716 1780 ¹)
737 1697 976 1764 enarrationes:
1008 1693 1243 1760 Carmentoma
1264 1695 1299 1758 in
1322 1693 1502 1777 Evangelia
1524 1695 1564 1759 ab
1586 1695 1736 1762 Adocnta
1757 1716 1857 1777 usqne
1879 1697 1923 1760 ad
1945 1697 2171 1764 Ascensr‘onem
2194 1699 2317 1766 Christi

575 1807 605 1868 et
624 1801 699 1866 linc
720 1798 764 1863 ad
783 1795 964 1861 Adventum
986 1793 1101 1876 paidos
1129 1792 1276 1876 adjectos
1304 1798 1351 1859 est
1377 1793 1603 1860 Catecbismas.
1651 1793 1784 1876 Scripsit
1811 1799 1845 1860 et
1874 1795 2109 1862 Commentario
2128 1799 2317 1864 Draconites

575 1903 611 1967 ln
631 1898 760 1977 Joetern,
788 1894 947 1962 Clodiam
967 1899 998 1959 et
1019 1891 1227 1958 CXXXVII
1247 1891 1339 1957 Psal.
1368 1891 1464 1973 inque
1491 1893 1674 1973 diversos2)
1701 1893 1881 1974 Prophetas
1903 1896 2190 1977 interpretationes,
2223 1904 2318 1981 atque
2366 1921 2371 1932 ·

576 2000 677 2065 Amos
697 1995 893 2078 Prophetam
922 2013 961 2060 ea
983 1991 1131 2057 Hebraeo
1160 1991 1316 2057 convertit
1341 1990 1373 2054 in
1394 1991 1557 2056 Latinam.
1605 1988 1715 2055 Edidit
1735 1993 1831 2057 etiam
1858 1993 2048 2078 Noniomapi
2069 1998 2184 2078 nostri,
2212 1999 2319 2078 magni

578 2098 721 2164 Martini
749 2095 884 2162 minere·
911 2109 947 2158 aa
975 2089 1184 2156 Elisabetlae
1211 2089 1501 2155 Blandenloeimiae
1529 2089 1648 2155 obitam
1662 2089 1706 2184 ⁸¹):
1736 2093 1912 2159 orationem
1936 2094 1973 2158 in
1992 2102 2084 2175 peste
2110 2116 2207 2177 snper
2234 2098 2319 2163 illud

578 2198 655 2265 Jobi
683 2195 785 2274 XIX,
815 2193 888 2261 Soio
920 2189 1005 2274 qnod
1034 2189 1228 2269 Redemptor
1249 2192 1324 2252 ete:
1355 2187 1409 2253 De
1439 2186 1650 2268 Cateclrismo,
1678 2210 1776 2271 snper
1807 2191 2020 2275 annpelinm
2048 2194 2159 2260 Marci
2184 2197 2235 2260 X:
2267 2197 2319 2262 De

578 2295 772 2378 Iloanpelico
800 2293 1043 2360 Conoionatore:
1079 2287 1132 2352 De
1168 2286 1273 2368 officio
1302 2285 1471 2367 Principis
1497 2293 1527 2353 et
1557 2286 1816 2355 Conoionatoris:
1842 2291 1896 2379 Ile
1921 2293 2059 2359 victoria
2086 2295 2320 2376 Principiam

580 2394 724 2464 CXLIX
743 2392 839 2458 Psal:
862 2389 914 2456 De
935 2387 1125 2454 Christiana
1140 2385 1210 2467 fide
1232 2385 1276 2450 ad
1296 2383 1506 2452 Bremenses:
1528 2385 1754 2468 Drrfansimem
1776 2391 1916 2473 conjnpii
1936 2391 2156 2459 Sacerdotalr's
2177 2416 2215 2458 ao
2239 2395 2319 2460 Corr-

580 2498 777 2562 eionatornm
798 2488 1064 2572 Phrangelioorum
1086 2485 1131 2550 ad
1151 2483 1369 2550 Calontenses:
1391 2484 1444 2551 De
1464 2487 1606 2552 maneria
1627 2490 1782 2554 oratoriis
1804 2488 1935 2555 librmn:
1960 2491 2101 2558 Postilla
2117 2515 2181 2574 per
2201 2516 2321 2559 arenam

580 2592 793 2672 MDXLW)
815 2594 912 2670 atque
933 2586 1112 2664 Conciones,
1134 2583 1245 2665 quibus
1266 2583 1410 2650 Moesiae
1430 2586 1561 2650 nemim
1583 2584 1811 2668 interpretatus
1832 2594 1892 2653 est.
1935 2589 2067 2655 Praeter
2087 2590 2165 2657 haec
2187 2593 2320 2675 subjecit

578 2693 674 2760 etiam
694 2689 793 2756 textui
815 2685 970 2752 Hebraico
992 2682 1239 2750 Proverbioram
1259 2682 1440 2749 Salomonis
1462 2690 1600 2764 pnatnor
1622 2685 1766 2751 aliarum
1786 2687 1972 2770 linpnaram
1991 2692 2152 2756 versiones
2172 2700 2202 2757 et
2223 2716 2321 2759 areno-

581 2794 733 2858 totiones:
761 2788 905 2868 idemque
935 2784 968 2848 in
996 2781 1117 2862 aliquot
1136 2781 1309 2863 Prophetes
1337 2782 1506 2862 praestitit.
1557 2783 1639 2848 Sunt
1661 2789 1695 2849 et
1718 2785 1903 2853 Germanice
1924 2788 2079 2868 quaedam
2100 2790 2158 2855 sub
2181 2792 2321 2872 eJ'usdem

580 2890 704 2956 nomine
724 2887 818 2968 edite,
839 2902 972 2967 quorum
994 2886 1099 2946 tamen
1120 2881 1206 2945 nulla
1226 2880 1276 2945 hic
1295 2881 1423 2946 mentio.
1470 2880 1619 2947 Melissus
1640 2883 1673 2946 in
1696 2884 1762 2965 ejus
1784 2884 1905 2951 obitum
1927 2885 2005 2952 haec
2025 2889 2151 2969 reliquit

1016 2979 1079 3035 Hae
1096 2980 1206 3046 eineres,
1222 2981 1288 3035 daeo
1305 2980 1387 3035 hasta
1404 2978 1490 3034 Fides
1507 2980 1625 3035 innoxia
1642 2988 1735 3036 serrat

1154 3065 1254 3119 Dulcis
1265 3065 1291 3134 ⁸)
1311 3065 1380 3134 Spes
1396 3071 1422 3121 et
1441 3064 1565 3120 Caritas:

1155 3150 1249 3204 Filiae
1267 3151 1347 3206 Jaols
1364 3152 1463 3221 inclyti
1480 3166 1596 3204 sorores.

1018 3235 1117 3289 Prima
1134 3251 1231 3290 sacras
1248 3237 1321 3291 lauri
1333 3236 1452 3305 frondes
1468 3243 1500 3290 at
1512 3237 1646 3305 prom'ma
1662 3236 1773 3304 palmae

1155 3321 1304 3393 Sparplt·)
1323 3324 1439 3377 virentes
1455 3324 1592 3376 romolos:

1156 3408 1238 3462 Mitis
1253 3409 1352 3464 altimo
1368 3410 1517 3478 gemmulas
1536 3409 1632 3462 olinae.

1020 3492 1100 3556 Saloe
1117 3509 1181 3547 aare
1197 3508 1294 3547 aenea:
1311 3501 1340 3548 ta
1358 3510 1429 3548 nnnc
1448 3495 1529 3563 qnasi
1549 3495 1575 3562 2)
1592 3494 1702 3549 stellula
1716 3493 1811 3563 salpes

1158 3577 1234 3632 Celso
1253 3581 1341 3635 nitere
1353 3581 1379 3649 Ι)
1399 3580 1429 3634 in
1446 3581 1569 3634 nomme:

1156 3663 1220 3718 Hoc
1240 3667 1280 3718 tui
1293 3667 1418 3734 praeirem
1437 3666 1539 3720 laboris
1552 3667 1583 3730 ⁹).

689 3956 717 4021 1)
736 3954 780 4009 Sic
799 3955 852 4010 Dil.
873 3972 934 4013 cum
951 3957 1110 4029 Boissardo‚
1133 3961 1181 4027 qui
1202 3960 1332 4015 librorum
1355 3961 1508 4029 catalogum
1530 3975 1546 4013 e
1568 3959 1676 4014 Simleri
1702 3960 1819 4027 epitome
1844 3957 1967 4013 biblioth.
1989 3958 2017 4012 C.
2037 3957 2150 4013 Gesneri
2171 3957 2327 4025 exscripsit3

584 4039 740 4095 Striederus
757 4041 950 4097 Enarradones
969 4043 997 4097 in
1015 4044 1059 4099 Pa.
1080 4045 1201 4100 CXVII
1215 4046 1380 4101 Ratisbonae
1402 4048 1467 4101 1541
1486 4045 1573 4100 editas
1592 4045 1665 4116 dicit,
1689 4045 1836 4099 Mulierum
1855 4051 1972 4115 secutus,
1997 4044 2044 4112 qui
2062 4043 2171 4098 Simleri
2188 4059 2327 4097 numerum

586 4143 620 4182 ex
637 4127 706 4196 ipsis
723 4125 796 4181 tituli
815 4127 913 4197 verbis,
932 4127 1030 4196 quihus
1048 4128 1155 4184 initium
1173 4130 1274 4185 Psalmi
1291 4131 1433 4201 indicetur,
1453 4130 1642 4200 corrigendum
1660 4146 1720 4186 esse
1738 4130 1849 4184 monuit.

687 4213 718 4281 2)
736 4211 801 4266 Cod.
820 4211 951 4266 diversos.

688 4298 718 4362 3)
741 4296 887 4364 Complura
909 4298 1090 4366 negligentiae
1114 4300 1228 4368 vestigia
1251 4302 1372 4370 reperire
1396 4302 1475 4356 nobis
1501 4301 1622 4356 videmur
1653 4302 1721 4356 haec
1751 4305 1939 4367 comparantes
1969 4315 2030 4352 cum
2054 4298 2192 4353 Boissardi
2224 4301 2328 4353 verbis:

586 4381 689 4439 Edidit
708 4382 790 4436 etiam
808 4383 948 4437 orationes
962 4384 1093 4451 funebres
1110 4387 1140 4439 r'n
1157 4387 1260 4440 obita-m
1277 4387 1406 4454 Ecbani;
1426 4389 1457 4441 in
1476 4388 1578 4466 obirem
1599 4386 1719 4442 Gerardi
1738 4386 1923 4454 Noaiomapi:
1945 4386 1976 4438 in
1995 4385 2097 4438 obitam
2115 4385 2195 4439 Doct.
2217 4385 2330 4438 Nicaloi

588 4469 703 4538 Mapm':
721 4469 751 4522 in
770 4467 872 4522 obitrrm
887 4468 967 4523 Doct.
988 4469 1109 4524 Martini
1127 4470 1252 4525 Latheri.
1289 4471 1326 4525 In
1344 4474 1448 4527 obitam
1465 4473 1644 4527 Eiteabetlrae
1660 4473 1878 4527 Blanconemiae.

580 4543 585 4552 '
688 4555 715 4620 4)
734 4550 798 4606 Cod.
820 4552 966 4607 CDXLV.

691 4640 721 4705 5)
740 4637 915 4702 scribendum
932 4646 991 4693 erat
1009 4641 1170 4709 Dulcisqae,
1187 4639 1259 4708 quod
1278 4648 1367 4697 exstat
1383 4641 1457 4709 apud
1474 4642 1621 4711 adamum,
1647 4643 1693 4709 qui
1709 4642 1738 4696 in
1758 4641 1813 4697 vita
1831 4642 1910 4696 Drao.
1928 4642 2117 4710 theologorum
2142 4644 2204 4697 vitis
2230 4642 2330 4696 inserta

589 4722 695 4794 Melissi
713 4723 878 4790 epigramma
897 4724 1015 4780 exhibet.

691 4808 721 4876 6)
740 4807 823 4876 Apud
841 4807 975 4863 Adamum
993 4819 1035 4864 est
1052 4811 1165 4878 sparsit.

737 4893 833 4949 Adam.
851 4910 906 4950 cen.

689 4898 705 4947 7

691 4899 722 5047 8}
739 4979 836 5034 Adam.
855 4983 968 5034 calcans.

694 5066 724 5132 9)
743 5065 838 5120 Adam.
854 5065 932 5120 addit
950 5071 1023 5130 esto;
1041 5065 1067 5119 in
1087 5066 1146 5120 cod.
1167 5067 1221 5121 Dil.
1242 5066 1352 5122 verbum
1372 5083 1479 5123 erasum
1500 5078 1551 5129 est,
1569 5067 1642 5136 quod
1662 5076 1775 5138 propter
1792 5075 1906 5123 metrum
1923 5085 1976 5123 nou
1996 5069 2113 5125 debebat
2131 5070 2226 5125 omitti.
