5534 6984
2114 855 2162 932 ct

416 1061 499 1112 anno
527 1044 676 1112 blllOllX
730 1045 757 1126 ¹)
785 1045 901 1112 aetatis
931 1045 1054 1112 LXXV.
1103 1044 1225 1111 Extant
1259 1045 1319 1111 viri
1353 1049 1501 1128 poemata
1536 1046 1722 1114 eruditionis
1756 1051 1791 1115 et
1817 1049 1987 1131 gravitatis
1998 1052 2032 1130 ¹)
2059 1051 2160 1133 plena.

415 1145 494 1228 EJus
514 1145 595 1212 iconi
615 1145 693 1212 haec
711 1145 803 1212 addit
812 1147 842 1228 ¹)
861 1145 1002 1227 Eglinus.

901 1243 1038 1298 Sucrmiuo
1055 1241 1159 1296 cuimio
1172 1241 1279 1311 pictotc
1295 1240 1430 1298 cormedus
1447 1245 1475 1298 ct
1490 1243 1581 1310 cuais,

936 1327 1044 1384 Judicii
1061 1329 1191 1384 Aooccmr
1211 1327 1324 1399 Gocpor
1341 1333 1368 1384 ct
1385 1329 1446 1398 ipcc
1462 1327 1551 1395 Sacri,

901 1415 1039 1470 Doctrina
1056 1413 1149 1470 solida
1167 1420 1271 1485 mystas
1287 1415 1470 1485 supereminet
1488 1414 1599 1482 oncoccb,

939 1499 1023 1570 Quem
1039 1516 1117 1556 ncnuo
1134 1502 1237 1558 conctis
1255 1501 1352 1558 oiccrit
1369 1499 1480 1572 officiis.

1015 1761 1184 1846 liapheel
1217 1763 1376 1844 Eglinos
1404 1765 1564 1831 leonius.

543 1925 813 2009 ocrnuunicemtu
834 1941 895 1992 bon
915 1925 1131 2012 lliindpilpolplf
1152 1927 1337 2008 perantiquo
1357 1927 1401 1992 ad
1423 1927 1579 2010 Turgeom
1597 1929 1705 1996 Feodo
1727 1929 1879 2012 ligurino
1898 1930 2049 1998 oriundus
2069 1939 2163 1998 natus

420 2031 482 2096 fuit
500 2046 582 2095 anno
596 2027 733 2094 MDLIX
748 2027 780 2092 io
799 2026 850 2092 die
866 2025 1060 2108 infanticidii,
1080 2030 1173 2108 patra
1194 2026 1294 2091 Tobia
1311 2026 1511 2111 Emlcsioste,
1533 2034 1636 2095 matre
1647 2049 1677 2094 u.
1692 2029 1790 2096 nobili
1807 2030 1959 2111 Tigunino
1973 2029 2165 2112 Elysabetba

421 2127 559 2210 mittin,
579 2126 808 2194 Frouenleldae
818 2129 848 2208 ¹)
869 2125 1036 2208 municipio
1057 2125 1218 2192 Helvetico
1239 2130 1357 2208 septem
1371 2127 1462 2208 pogio
1475 2127 1624 2211 subjecto.
1664 2129 1699 2194 lo
1712 2133 1880 2210 postquam
1897 2129 2000 2211 prima
2009 2130 2164 2211 poentiae

421 2229 526 2310 spacia
553 2225 677 2308 attigit,
702 2223 761 2290 sub
790 2225 914 2292 loanne
944 2225 1116 2290 Pontisella
1144 2225 1274 2292 Seniore
1284 2225 1314 2306 ¹)
1345 2223 1540 2292 Curiensium
1565 2227 1718 2293 &natare
1752 2232 1787 2292 et
1820 2227 1944 2294 scholae
1967 2229 2101 2294 Rectme
2129 2248 2164 2295 se

421 2325 533 2392 studiis
562 2343 601 2390 ex
628 2327 797 2406 parentum
824 2323 1028 2390 consecrabat
1063 2329 1145 2390 voto.
1207 2325 1324 2391 Missua
1351 2323 1426 2390 inde
1457 2325 1499 2390 od
1525 2325 1698 2408 Scipionem
1724 2326 1894 2392 Lentulum
1921 2327 2163 2410 Neapolitanum

420 2429 582 2507 pastorem
615 2422 793 2488 Clarennae
817 2421 1008 2488 Rhoeteium
1036 2441 1097 2488 usu
1123 2419 1264 2506 baguam
1293 2423 1437 2490 Italicam
1463 2443 1535 2490 com
1562 2425 1678 2490 Latina
1712 2425 1823 2492 didicit
1851 2425 2040 2510 conjunctim
2069 2433 2103 2493 et
2130 2429 2163 2492 in

422 2523 604 2590 Ortbodoxa
625 2520 785 2603 Religione
813 2539 877 2586 non
902 2539 1012 2602 parom
1039 2520 1180 2605 profecit.
1231 2523 1351 2588 Potens
1378 2523 1492 2606 igitur,
1519 2541 1591 2590 com
1616 2523 1808 2606 profectibus
1833 2515 1950 2606 ingenii
1969 2543 2031 2592 non
2050 2541 2163 2608 parum

422 2623 581 2706 gauderet,
604 2621 730 2702 scripsit
750 2621 792 2686 ad
813 2639 882 2688 eum
904 2620 1057 2686 celeusma
1076 2622 1297 2705 parodicum¹)
1317 2623 1367 2688 his
1388 2622 1587 2703 elegantibus
1608 2623 1757 2690 Venusini
1779 2624 1885 2689 verbis
1897 2627 1928 2706 ¹)

904 2718 1086 2790 Pyramidum
1103 2723 1190 2776 ornas
1210 2727 1330 2792 parcunt
1347 2721 1467 2793 Repoiia
1482 2723 1564 2777 tusco

939 2806 980 2860 Et
996 2813 1169 2863 momumento
1185 2807 1296 2863 Mam
1312 2805 1402 2863 diruit
1417 2808 1503 2863 imber
1519 2807 1634 2876 edwi

905 2891 973 2948 Solo
988 2893 1075 2948 ommi
1092 2895 1181 2950 oirtuo
1199 2893 1353 2950 Libitinam
1369 2895 1450 2962 vitot,
1467 2898 1494 2951 ct
1509 2895 1628 2957 emmau

930 2981 1052 3051 Effupit,
1069 2987 1151 3050 atquo
1168 2997 1242 3036 noco
1258 2995 1375 3036 crcaccm
1392 2979 1475 3035 ioudc
1489 2986 1591 3052 potest

905 3065 984 3122 Hocc
1003 3067 1053 3122 tabi
1070 3073 1196 3123 comatur
1213 3067 1340 3136 quaesito
1356 3066 1495 3138 superbio,
1512 3067 1581 3133 atti,

377 3215 384 3232 ⁸
939 3152 1048 3224 mpcnii
1063 3153 1175 3210 meritis.
1211 3153 1257 3210 Sic
1274 3153 1326 3209 tibi
1339 3153 1418 3224 oinpc
1433 3168 1547 3210 comum.

425 3243 488 3310 Sed
516 3245 625 3324 postea
651 3244 743 3322 patre
769 3242 857 3322 peste
880 3256 963 3304 anno
989 3239 1115 3306 Domini
1132 3239 1324 3306 MDLXXIV
1354 3240 1510 3322 cameto,
1543 3245 1670 3322 potrum
1696 3237 1917 3322 Tigurinorum
1944 3235 2166 3302 liberalitatem

424 3345 580 3424 expertus,
602 3343 634 3405 et
652 3337 890 3422 procurantibus
912 3337 944 3404 id
956 3337 1136 3420 Bullfngero
1157 3343 1191 3406 et
1211 3339 1375 3422 Rodolpho
1389 3337 1551 3421 (inaltero,
1571 3336 1771 3404 inAmmiani
1790 3335 1906 3417 aulam,
1928 3352 2022 3418 quam
2042 3341 2168 3414 nocant,

423 3441 476 3506 ubi
496 3437 671 3522 quindecim
693 3438 821 3503 aluntur
839 3455 859 3502 a
880 3437 999 3502 Senatu
1015 3437 1148 3520 Juvenes
1171 3438 1295 3520 selecti,
1322 3443 1482 3520 receptos,
1511 3455 1606 3504 mrsu
1634 3436 1762 3503 classico
1790 3433 1915 3501 biennio
1942 3432 2099 3518 confecto,
2126 3433 2168 3500 ad

422 3539 563 3622 publicos
589 3539 740 3604 lectiones
760 3535 902 3618 Rapbael
930 3537 1098 3602 traductus
1125 3541 1175 3602 est
1201 3542 1236 3603 et
1262 3537 1320 3604 sub
1346 3537 1451 3620 ipsum
1477 3535 1700 3617 octogesimum
1727 3553 1845 3600 annum
1871 3535 1984 3600 missus
2006 3532 2168 3599 Geneuam

422 3639 549 3722 majoris
566 3636 624 3702 sub
640 3635 807 3717 Theologis
829 3635 892 3700 illic
910 3633 1043 3700 faciendi
1062 3653 1247 3718 progressus
1266 3655 1351 3719 ergo.
1396 3635 1641 3702 Commendatus
1661 3635 1760 3716 igitur
1777 3653 1798 3700 a
1817 3633 1969 3699 Gualtero
1983 3631 2044 3697 Dn.
2057 3631 2167 3712 Barac,

423 3737 567 3818 Danaeo,
593 3737 678 3817 Fayo
701 3735 747 3801 bis
766 3733 824 3799 sub
843 3734 926 3800 Beza
945 3732 984 3800 de
1003 3733 1288 3816 praedestinatione
1307 3734 1430 3818 publice
1452 3733 1634 3818 disputavit.
1684 3731 1747 3798 Sed
1775 3750 1847 3798 cum
1874 3749 1957 3798 anno
1985 3729 2169 3797 MDXXGII

424 3839 623 3903 struerentur
648 3834 718 3900 urbi
745 3833 894 3916 insidiae,
924 3833 1031 3900 schola
1057 3833 1180 3916 dilapsa
1208 3835 1274 3917 ipse
1301 3835 1340 3900 de
1367 3853 1496 3901 suorum
1516 3835 1678 3900 voluntate
1699 3829 1860 3914 profectus
1880 3835 1932 3896 est
1951 3830 2106 3897 Basileom
2126 3829 2168 3896 acl

423 3935 611 4003 audiendum
625 3933 814 4016 Grynaeum,
836 3932 895 3998 sub
916 3948 978 4013 quo
999 3931 1040 3998 de
1059 3931 1160 3999 forma
1173 3933 1232 4000 Dei
1251 3939 1285 3999 et
1300 3933 1389 4000 Servi
1401 3933 1574 4018 disputatio
1583 3932 1645 3999 fuit
1664 3931 1734 4014 ipsi.
1773 3929 1859 3996 Dum
1873 3947 1950 3996 vcro
1961 3929 2167 3998 licostadfum

423 4036 466 4101 ad
486 4033 675 4100 audiendum
694 4033 845 4114 Zangium
874 4035 907 4096 et
929 4031 1080 4098 Ursinum
1108 4049 1143 4098 se
1169 4033 1343 4116 petiturum
1366 4034 1543 4116 constituit,
1573 4032 1790 4099 subvenerunt
1809 4027 1880 4096 ibeo
1898 4029 2025 4111 literae,
2051 4027 2167 4112 quibus

424 4137 464 4202 ab
476 4135 607 4200 Rboetis
617 4134 648 4216 ¹)
665 4132 826 4200 ordinibus
842 4131 884 4197 ad
901 4131 1103 4214 aperiendam
1118 4131 1225 4198 Trium
1241 4131 1403 4198 foederum
1418 4131 1671 4214 invalfetellyno
1686 4127 1812 4196 Sondrii
1827 4126 1965 4194 scholam
1984 4127 2166 4193 uocabatur.

424 4235 629 4300 Examinatus
656 4231 755 4314 igitur
784 4235 817 4298 et
846 4231 1027 4313 imponente
1054 4231 1228 4298 cimanum
1250 4231 1405 4298 (innitere
1427 4231 1557 4299 Senioro
1583 4229 1759 4298 ministerio
1781 4231 1981 4294 consecratus
2003 4225 2168 4293 ordinibus

425 4335 509 4400 sistit
529 4351 599 4420 sese
620 4349 640 4396 a
663 4331 835 4397 Lanathefo
863 4329 1095 4396 commendatus
1123 4329 1218 4396 ultro.
1270 4331 1332 4398 Per
1353 4331 1538 4398 monachum
1566 4335 1673 4396 autem
1698 4327 2008 4410 Balermitenum¹¹)
2030 4325 2169 4392 excitato

423 4433 546 4498 Sondrii
576 4431 711 4498 tunultu
739 4429 950 4510 factumest,
980 4433 1016 4494 ut
1043 4444 1107 4493 non
1133 4433 1258 4495 tantum
1286 4429 1394 4497 schola
1423 4430 1644 4512 dissiparetur,
1672 4426 1730 4494 sed
1756 4427 1929 4509 pericnlum
1955 4425 2052 4492 etiam
2080 4425 2167 4490 vitae

423 4531 565 4598 omnibus
580 4530 765 4612 euangelicis
780 4529 994 4594 intentaretur
1008 4545 1028 4592 a
1042 4527 1218 4610 pontificiis.
1260 4528 1343 4594 Hinc
1362 4529 1470 4595 schola
1484 4528 1638 4612 dissipata
1649 4528 1699 4610 ¹¹)
1718 4525 1859 4610 Epliouc
1873 4525 1914 4590 ad
1931 4542 2004 4592 suos
2015 4523 2168 4607 'ligurum

528 4761 555 4829 1)
573 4761 720 4816 Numerum
738 4775 792 4814 non
810 4757 931 4828 explevit
948 4757 1015 4828 Dal,
1036 4759 1135 4816 actntis
1158 4765 1249 4816 notam
1267 4759 1294 4815 in
1312 4761 1435 4832 margine
1457 4759 1570 4816 addidit
1604 4759 1729 4816 blortum
1747 4763 1791 4816 est
1808 4755 1942 4812 Smrmius
1960 4771 1985 4812 ι.
2003 4749 2168 4810 linem.

529 4847 558 4914 2)
576 4845 627 4900 Tfl.
647 4843 801 4900 eruditione
818 4852 845 4901 ct
861 4845 1006 4916 prooifotc.

545 4931 627 5000 )Til.
648 4929 766 4988 addidit.

528 4937 544 4984 3

527 5017 558 5086 l)
575 5016 620 5073 Sic
639 5021 682 5072 cot
696 5017 723 5072 ln
741 5016 815 5085 cod;
834 5016 886 5072 Til.
904 5015 1118 5088 Froucrp'cidoc.

529 5106 558 5171 n)
575 5102 636 5157 lloo
652 5101 764 5157 verbum
783 5101 874 5158 omisit
893 5101 946 5159 Til.

546 5184 641 5256 )Cod.
656 5185 829 5256 porodicum.

577 5273 616 5328 Cf.
634 5271 699 5326 Hor.
719 5271 805 5328 Caum.
823 5271 874 5343 ΙΙΙ,
891 5273 934 5330 ab.
952 5272 1005 5329 Tss.
1029 5273 1164 5330 Venusini.

577 5358 668 5426 lmapo
685 5355 784 5426 Epfini.

576 5443 621 5500 Sic
637 5442 704 5512 nil,
723 5442 819 5498 Tilena
837 5443 979 5500 Bbootioa

515 5534 527 5585 l
577 5529 623 5586 Sic
637 5529 746 5598 scripsit
762 5527 817 5584 Dil.
903 5532 947 5595 11)
966 5527 1031 5586 Cod.
1052 5527 1190 5598 dissipita
