5534 6984
2118 861 2165 928 eo

419 1071 582 1138 proeerum
603 1053 660 1118 tn.
680 1049 798 1118 llbev
818 1051 851 1116 in
874 1050 1087 1116 Prolessorum
1106 1049 1378 1131 hinrpurgensium
1399 1057 1566 1133 oooptetus
1586 1067 1760 1127 numerurm,
1781 1051 1942 1130 emigrem
1961 1050 2023 1132 ipsi
2036 1049 2167 1130 logioes

419 1152 615 1236 professione
637 1151 811 1231 ordinaria,
841 1151 872 1214 in
899 1150 987 1229 urjus
1007 1149 1102 1214 etiem
1125 1163 1269 1214 exorsum
1290 1151 1434 1233 protinus
1456 1152 1523 1216 Cel.
1544 1151 1669 1218 VlIbris
1695 1153 1729 1216 in
1748 1151 1873 1232 publieo
1893 1166 2054 1231 eonsrssu,
2075 1167 2168 1231 pree

420 1257 513 1322 sente
532 1252 632 1336 ipsius
651 1249 759 1318 Oelsit
781 1254 926 1332 peroret,
955 1253 1066 1314 suetus
1084 1267 1146 1315 non
1164 1249 1264 1314 multo
1283 1254 1358 1332 post
1378 1267 1526 1332 supreme
1547 1249 1766 1332 Philosophiae
1785 1250 1893 1317 lomes
1914 1268 1936 1317 e
1954 1249 2050 1316 Joen.
2070 1247 2168 1314 Hert

420 1369 535 1418 menno
563 1352 627 1420 rite
657 1351 822 1431 designato
841 1347 1050 1429 tgonothots.
1102 1347 1269 1414 (ismenem
1290 1349 1417 1416 bbnnio
1439 1355 1512 1432 post
1536 1350 1569 1413 in
1595 1349 1765 1431 praelustri
1778 1353 1806 1430 ¹)
1827 1349 1997 1430 tlymnssio
2019 1349 2167 1415 Betseoio

420 1452 574 1535 professio
603 1449 790 1532 Theologies
816 1448 918 1530 ipsi²)
950 1445 1091 1514 deterbur
1118 1449 1223 1514 missis
1234 1449 1264 1529 ⁸)
1300 1467 1339 1514 ee
1369 1449 1410 1514 de
1442 1467 1479 1515 re
1501 1449 1603 1514 literis
1631 1447 1724 1514 simini
1750 1447 1793 1513 ed
1819 1448 1953 1514 Hessiee
1981 1447 2166 1530 Principem.

421 1551 541 1618 Verum
561 1569 634 1618 eum
661 1551 688 1616 ‘rs
708 1549 800 1632 huius
829 1547 877 1614 sni
898 1545 1091 1614 Prolesson's
1115 1567 1212 1630 opere
1239 1553 1272 1614 et
1298 1548 1459 1614 laboribus
1481 1548 1680 1614 heedemiem
1710 1565 1800 1612 suern
1827 1546 1957 1614 destitui
1984 1548 2167 1630 emtionem

422 1651 526 1732 vellet,
544 1649 677 1716 eundem
697 1647 877 1713 summoue
897 1647 1045 1728 stipendii
1067 1646 1151 1712 iente
1173 1648 1311 1714 deunoit
1333 1649 1462 1714 erotius.
1504 1646 1570 1714 Cel.
1588 1647 1664 1714 inde
1684 1647 1756 1714 Jen.
1776 1647 1861 1712 Anni
1880 1647 2073 1728 insequentis
2094 1665 2169 1714 eon·

421 1751 561 1834 spirante
581 1749 708 1832 petrum
727 1745 916 1813 Academiae
948 1763 1103 1812 consensu
1130 1747 1198 1830 ipse
1217 1752 1312 1829 ceput
1333 1747 1556 1814 Universitetis
1576 1753 1610 1814 et
1629 1747 1745 1812 Reetor
1765 1747 1907 1828 eligitur,
1935 1764 1974 1812 se
1994 1745 2060 1812 Get.
2083 1747 2167 1814 ibris

421 1869 459 1916 er
495 1851 623 1916 decreto
655 1845 830 1912 Fucnltstis
854 1845 1063 1928 'theologicae
1096 1845 1306 1928 subsequente
1340 1847 1536 1929 reliquerunt
1562 1847 1765 1913 Femltetum
1801 1859 1934 1912 assensu
1961 1863 1982 1912 e
2008 1847 2168 1928 Rsphoele

422 1947 536 2031 Qlino
547 1948 577 2013 ei
590 1946 762 2028 imponitur
775 1945 952 2010 Doctorelis
970 1945 1079 2012 insule.
1122 1947 1166 2010 ht
1179 1947 1256 2028 ipsis
1268 1945 1335 2012 Cel.
1347 1947 1459 2013 Oetoh.
1480 1965 1501 2014 e
1514 1947 1658 2029 Principe
1675 1947 1717 2012 ed
1732 1946 1930 2013 Notiormlem
1944 1945 2116 2028 deputetur
2133 1953 2168 2012 et

421 2049 558 2114 rnitdtur
577 2045 743 2129 Synodum
758 2045 914 2110 Dordrsoi
933 2045 966 2110 in
982 2045 1145 2111 llolsndie
1162 2047 1342 2112 institurum
1361 2047 1498 2112 obeunte
1519 2046 1646 2111 interim
1665 2046 1815 2112 nimriem
1828 2046 2018 2112 Rectorettrs
2034 2045 2168 2112 admini-

420 2145 609 2213 strationem
628 2143 793 2210 Theodoro
813 2143 950 2210 Vietore.
993 2145 1058 2212 Sed
1084 2163 1181 2228 quum
1201 2145 1346 2228 synodus
1366 2146 1423 2211 ille
1439 2145 1587 2228 opinione
1605 2145 1743 2211 orunium
1773 2145 1897 2228 longius
1917 2145 2168 2227 protraheremus,

421 2245 617 2312 Reetorsms.
632 2261 755 2326 quoqne
777 2243 915 2325 dignitas
933 2248 967 2310 et
985 2243 1085 2310 honos
1110 2246 1144 2310 in
1163 2245 1411 2328 subsequentem
1431 2245 1604 2330 Omoipero
1622 2250 1812 2328 prorogetur
1832 2253 1957 2312 onum
2001 2244 2115 2312 Solute
2136 2250 2169 2310 et

420 2345 511 2411 finite
531 2343 658 2426 Synodo
673 2342 897 2426 ·Mnrpnrgum
917 2345 984 2427 ipsi
1016 2361 1143 2411 reverso
1171 2363 1253 2412 nove
1274 2363 1375 2428 esque
1396 2346 1520 2427 gemm
1541 2344 1674 2410 offertur
1691 2345 1859 2427 prorinoie.
1901 2344 2007 2423 Quum
2026 2344 2111 2410 eninr
2129 2361 2168 2410 eo

420 2451 563 2527 tempore
591 2443 684 2510 smol
701 2448 736 2510 et
753 2443 1117 2524 llehmeo-Theologiee:
1133 2445 1173 2510 ob
1199 2445 1326 2510 instem
1353 2445 1393 2512 D.
1413 2444 1505 2512 Joeu.
1527 2444 1677 2511 ldoltheri
1705 2445 1826 2510 obitum
1855 2449 1984 2510 moeret
2003 2442 2168 2526 professio,

421 2549 455 2610 et
474 2543 515 2610 ob
543 2543 716 2610 senectutis
743 2542 938 2610 inoommode
965 2545 1164 2610 venerandos
1191 2561 1288 2610 senex
1315 2545 1354 2610 D.
1381 2543 1503 2626 (lespsr
1531 2544 1688 2610 sturmius
1714 2543 1816 2610 offieio
1841 2541 1998 2625 Ephoriee
2023 2561 2058 2610 se
2083 2542 2167 2608 ultro

420 2644 601 2725 abutentes,
635 2647 768 2735 ubsque
804 2643 911 2708 munis
948 2642 1068 2726 boeot)
1096 2643 1345 2724 demandentur,
1379 2647 1478 2724 stoue
1508 2644 1636 2726 insuper
1657 2661 1741 2710 enno
1764 2643 1932 2710 smum
1962 2641 2168 2723 Theologiene

421 2743 583 2810 tenultstis
602 2741 641 2808 fit:
660 2741 843 2824 Decuriot).
902 2787 905 2794 -
1020 2767 1023 2778 ·

463 2869 466 2883 ·
544 2841 595 2906 Ex
623 2841 748 2923 seriptis
777 2842 845 2924 ejus
871 2841 991 2924 prodiit
1017 2844 1069 2908 vin
1097 2843 1226 2910 tendem
1257 2842 1437 2908 suasoribus
1466 2847 1563 2923 etque
1596 2843 1818 2924 impulsoribus
1843 2841 1953 2909 amieis
1983 2841 2168 2907 Homrooio

422 2950 563 3028 quotuor
583 2943 770 3026 &pomum
791 2941 1024 3024 seminalium,
1054 2943 1087 3009 in
1114 2961 1179 3025 qus
1199 2961 1238 3008 en
1263 2942 1410 3008 Hebraeo
1430 2959 1489 3007 eeu
1510 2939 1598 3008 fonte
1623 2941 1815 3024 rehqmnun
1834 2943 1925 3022 origo
1945 2946 1980 3008 et
1997 2940 2168 3006 earundem

422 3044 510 3112 iuter
538 3059 573 3108 se
600 3041 748 3123 eognstio
776 3041 860 3107 elsre
884 3041 1081 3108 ostenditur:
1122 3043 1255 3126 Reliquis
1276 3044 1326 3107 vir
1352 3042 1432 3108 nlius
1451 3045 1582 3124 propser
1601 3059 1756 3108 summum
1783 3042 1972 3109 industriam
1991 3044 2025 3105 et
2044 3039 2169 3119 hirmuue

422 3142 571 3222 nunes,
590 3141 745 3222 Gmeese,
767 3139 958 3222 Hebrnicee‚
987 3141 1069 3208 udde
1092 3159 1217 3225 quoqne
1240 3141 1459 3224 Philosophiae
1477 3145 1511 3206 et
1526 3140 1715 3223 'theologiae
1733 3140 1945 3222 cognitionem
1961 3137 2168 3221 exquisitissi-

422 3241 558 3322 mum‘),
575 3240 720 3306 omnibus
745 3239 835 3306 bonis
849 3241 1179 3324 sommendetissimus,
1198 3241 1343 3307 oonsulto
1364 3241 1489 3322 premit,
1509 3239 1583 3306 dum
1603 3246 1638 3306 et
1654 3240 1784 3322 politius
1803 3238 1929 3320 singule
1946 3239 2064 3306 limerit
2083 3243 2168 3319 enit,

423 3345 464 3420 et
490 3339 549 3404 liei
570 3339 740 3406 denserier
758 3356 815 3404 nos
836 3340 949 3406 iterem
973 3341 1154 3408 miserentis
1181 3341 1302 3422 gratim
1328 3340 1435 3405 mitior
1453 3339 1637 3420 eliquanto,
1658 3339 1778 3406 sedetis
1797 3339 1950 3405 bellorum
1972 3337 2168 3416 tumultibus,

422 3457 499 3504 eure
526 3439 646 3520 espiret
671 3437 779 3504 Musis.
822 3438 860 3504 ln
878 3439 945 3520 ejus
966 3439 1150 3506 Fneomium
1171 3440 1210 3504 D.
1230 3439 1380 3520 ligimus:
1683 3435 1688 3444 '

905 3537 1007 3594 aare
1022 3553 1075 3592 ooo
1096 3537 1232 3607 Oreoiper,
1249 3538 1395 3606 stow
1407 3545 1525 3607 peruste
1544 3538 1669 3606 osmer

930 3623 1091 3680 morosos
1108 3629 1205 3680 semro
1221 3622 1351 3679 bedebur
1370 3623 1498 3692 ituree-ior.

908 3708 1071 3786 lbeiolopus
1088 3707 1203 3775 solidus,
1220 3705 1361 3766 studiosae
1378 3708 1714 3778 pronsspuejurestoe,

941 3793 1114 3866 Linquorum
1133 3791 1241 3849 excellit
1257 3795 1360 3848 notitia
1376 3799 1459 3863 moue
1475 3792 1548 3847 crisi

1094 4073 1257 4140 Joonnos
1288 4075 1444 4142 Cronius
1459 4076 1497 4156 7).

432 4273 434 4278 -
545 4237 701 4304 llntthise
738 4236 877 4318 tmologi
912 4236 1063 4320 cyrenei,
1092 4239 1131 4302 ll.
1162 4238 1292 4304 huntheri
1323 4237 1508 4321 λσυγχρόνοιι
1534 4252 1648 4316 nepos,
1684 4232 1722 4298 li.
1751 4231 1842 4296 Peuh
1870 4229 2168 4310 Supemttendentis

423 4337 655 4419 witgensteinii
673 4335 773 4418 filius,
801 4354 852 4402 on.
875 4334 947 4402 Chr.
970 4335 1089 4402 beo
1116 4335 1167 4404 die
1187 4338 1308 4404 XXllX
1330 4337 1407 4404 loli
1426 4337 1590 4420 Lospheee
1615 4340 1709 4399 uetus
1739 4334 1771 4398 ‘m
1791 4329 1897 4413 petris
1923 4329 2029 4396 sobole
2048 4330 2167 4412 pietete

368 4445 373 4459 “
422 4441 458 4502 et
477 4436 611 4502 munos
632 4435 837 4516 stemusque
858 4435 1164 4516 lingereeelementis
1184 4437 1357 4504 imbuiturz'
1377 4455 1461 4502 enno
1478 4433 1603 4502 mooli
1624 4433 1820 4499 Herbornem
1838 4430 1993 4508 mittimur,
2021 4429 2168 4497 ubi-eou-

422 4535 507 4602 ieeto
544 4535 744 4600 olossicsrum
781 4533 950 4600 lectionum
988 4551 1083 4600 cursu
1122 4535 1163 4599 sd
1199 4535 1333 4601 sobolem
1370 4540 1571 4618 promouetur
1605 4532 1763 4615 publicem
1796 4546 1879 4594 euno
1910 4529 2037 4594 ribei.
2091 4529 2167 4596 lude

528 4776 555 4844 l)
570 4774 616 4830 Sin
633 4773 700 4846 eod,
719 4775 771 4830 Til.
790 4775 902 4832 illustri.

526 4861 556 4929 2)
573 4858 638 4915 Cod.
657 4862 736 4931 ipsis,
755 4859 828 4928 quod
846 4877 914 4917 corr.
935 4863 1030 4918 Tiiem.

524 4945 554 5014 3)
572 4944 665 5014 lmsgo
683 4945 830 5016 Crocigeri.

521 5032 553 5099 4)
571 5031 647 5086 llere
665 5031 719 5088 Dil.
739 5033 856 5104 scripsit,
874 5047 924 5103 pro
942 5033 1041 5104 quibus
1060 5034 1154 5090 Tilem.
1174 5033 1260 5090 edidit
1276 5035 1340 5090 hoie
1356 5035 1459 5090 munio.

525 5117 554 5186 5)
571 5117 666 5172 Trioni
687 5133 813 5174 versuum
837 5125 866 5174 et
892 5117 1025 5174 dimidiati
1056 5119 1174 5189 spatium
1200 5121 1325 5176 relietum
1347 5126 1391 5176 est
1413 5119 1476 5174 eliis
1498 5116 1638 5174 addendis.
1674 5117 1802 5185 Crueiger
1819 5113 1968 5181 limburgi>
1990 5111 2115 5170 discessit
2139 5130 2164 5169 s.

421 5202 594 5258 sihcxxiv
610 5216 628 5257 s
646 5202 786 5260 Lndoriee
801 5203 917 5274 bsndgr.
935 5204 1070 5276 dimissus,
1088 5213 1169 5276 etque
1185 5213 1308 5262 mortuus
1327 5213 1370 5262 est
1387 5205 1517 5262 cassellis
1533 5220 1558 5258 e
1575 5201 1798 5258 lthlllelVll.

525 5290 555 5358 ti)
573 5288 637 5344 Cod.
657 5289 869 5358 expositionem.

525 5379 551 5445 7)
569 5374 611 5430 De
628 5375 672 5430 Jo.
692 5375 797 5444 cronio,
816 5392 870 5430 non
889 5377 977 5430 solum
991 5376 1018 5430 iu
1036 5377 1148 5445 entique
1166 5377 1330 5448 Philippins,
1348 5377 1398 5434 ssd
1415 5379 1498 5433 etism
1512 5377 1541 5431 in
1558 5375 1710 5431 immoretur
1728 5391 1753 5430 e
1771 5372 1916 5428 mochin
1930 5387 1952 5426 s
1968 5370 2114 5428 Guilielmo
2124 5369 2164 5424 Vl

422 5460 593 5530 luendus-snio
617 5460 758 5517 sondmnio
778 5459 968 5528 limburgensi
992 5463 1147 5530 proterrere
1171 5465 1307 5534 bubusque
1333 5470 1491 5533 proreetore
1512 5462 1600 5532 primo
1625 5476 1713 5530 nuper
1737 5459 1871 5529 proelisri
1895 5457 2086 5514 dissertatione
2110 5455 2167 5522 epit

422 5545 494 5600 Frid.
513 5545 563 5602 lld.
583 5547 671 5616 Claui,
691 5547 832 5602 lohannes
852 5548 972 5618 Cresius,
990 5549 1034 5603 ein
1055 5549 1279 5616 biographiseber-
1295 5550 1425 5605 i'ersrreh.
1461 5548 1549 5602 lietb.
1567 5551 1640 5602 reos.
1660 5547 1774 5610 (Caesel.
1795 5545 1880 5613 reos.)
1897 5548 1921 5598 s.

1982 5650 2001 5709 7
