5534 6984
589 825 636 894 20

588 1013 728 1081 contulit.
781 1011 947 1077 Caeterum
978 1029 1048 1077 cum
1077 1016 1110 1076 et
1137 1013 1165 1078 is
1194 1011 1331 1078 durante
1361 1014 1550 1094 magistratu
1580 1013 1783 1094 Fndoergan
1812 1018 1988 1095 vocaretur,
2018 1020 2094 1096 post
2120 1016 2238 1082 abitum
2266 1020 2334 1101 ejus

588 1113 721 1180 Senatus
740 1111 942 1178 Academicus
966 1111 1120 1178 calendas
1142 1111 1288 1178 tannarii
1317 1112 1462 1195 deinceps
1492 1112 1661 1179 destinavit
1686 1112 1830 1178 electioni
1849 1112 2002 1179 Rectoris.
2045 1113 2149 1193 Quare
2172 1115 2237 1181 Cal.
2260 1117 2333 1183 Jan.

709 1210 799 1277 MDO
820 1211 936 1276 clectus
957 1208 1019 1275 fuit
1039 1211 1072 1275 in
1089 1211 1255 1276 Rectorem
1269 1211 1414 1279 Joaaoec
1437 1213 1716 1280 Wackelmoaaas
1737 1211 1768 1277 S.
1782 1209 1812 1276 S.
1830 1211 1887 1276 Th.
1903 1211 1942 1277 D.
1964 1211 2044 1293 prof.
2065 1217 2098 1279 et
2118 1214 2333 1282 Ecclesiastes.

709 1310 815 1377 MDOI
837 1310 1045 1376 Hermarchus
1073 1310 1228 1394 Vultejas.

710 1409 831 1476 MDUII
853 1408 998 1477 Joanoes
1026 1409 1182 1494 Wolffius.

711 1509 849 1576 MDCIII
869 1509 1013 1576 Joonnes
1031 1510 1233 1577 Hartmoaai
1246 1512 1273 1593 ¹)
1294 1511 1454 1593 professor
1475 1511 1661 1577 Matheseos.

710 1609 845 1675 MDOIV
865 1608 1050 1675 Boltlrosor
1071 1609 1257 1676 Mentzerus
1280 1611 1311 1676 S.
1334 1611 1364 1677 S.
1388 1610 1445 1674 Th.
1468 1609 1507 1675 D.
1530 1616 1564 1676 et
1583 1611 1750 1692 professor,
1774 1610 2033 1692 stipendiarioum
2053 1611 2204 1694 Ephorus.

713 1709 832 1775 MDOV
853 1708 997 1774 Joaaacs
1021 1708 1195 1775 Goddaeus
1210 1710 1239 1791 ²)
1259 1709 1288 1774 J.
1311 1709 1349 1775 U.
1371 1710 1411 1776 D.
1432 1710 1661 1776 Pandectarum
1681 1708 1847 1791 professor.

711 1808 845 1874 MDCVI
864 1808 1009 1875 Joonaes
1037 1808 1185 1892 Wolsfius
1205 1808 1247 1873 M.
1269 1809 1308 1874 D.

712 1907 862 1976 omcvfl
882 1909 1026 1975 «Ioannes
1046 1908 1247 1974 Hartmaaai
1269 1908 1347 1973 Phil.
1369 1914 1402 1973 et
1426 1909 1510 1974 Med.
1532 1909 1571 1973 D.
1593 1915 1626 1973 et
1647 1907 1808 1989 professor
1829 1907 2063 1974 Mathematnm.
2137 1909 2140 1914 ’

711 2007 863 2074 MDCIIX
885 2007 1062 2091 Greporios
1082 2007 1253 2092 Schdofelct
1275 2007 1387 2073 Senior
1406 2007 1438 2074 S.
1460 2007 1517 2072 Th.
1540 2008 1579 2072 D.
1602 2011 1635 2071 et
1654 2007 1785 2088 profess.
1807 2008 1985 2089 primarius.

700 2107 852 2175 'olnolx
874 2109 1057 2174 Mauritius
1071 2108 1192 2173 Juaior
1208 2107 1353 2172 Hassioc
1364 2107 1594 2190 Laadprooc‘as
1607 2106 1749 2172 Mauritii
1764 2107 1902 2173 Senior'm
1916 2106 2090 2172 Hessorum
2104 2104 2185 2170 lilius
2201 2106 2334 2171 secundo
2368 2137 2377 2156 ·

590 2213 714 2292 genitus
736 2212 893 2274 annuente
914 2211 1006 2289 patre
1027 2207 1143 2272 electus
1165 2210 1214 2271 est
1235 2207 1353 2271 Rector
1374 2211 1407 2270 ct
1426 2211 1591 2287 protector
1613 2207 1793 2272 nominatus
1815 2206 2023 2272 mesaneos
2052 2206 2206 2288 Voltejas‚

715 2307 836 2374 MDcx
866 2306 1075 2373 Wutlhctmos
1095 2305 1240 2372 Haecine
1261 2307 1416 2386 princeps
1436 2305 1577 2371 Mauritii
1600 2306 1742 2372 Junioris
1764 2305 1862 2372 frater
1880 2308 2011 2387 Rector,
2040 2324 2149 2371 verum
2169 2305 2335 2370 Prorector

589 2409 745 2476 Nicotaus
766 2407 887 2472 Brona
908 2405 990 2470 Med.
1012 2404 1051 2468 D.
1074 2408 1107 2469 et
1128 2405 1294 2486 professor.

711 2505 849 2572 MDOXI
871 2503 1059 2586 Rodolphuc
1081 2503 1254 2570 Goeleuias
1277 2504 1390 2571 Senior
1410 2502 1624 2586 philosophiae
1644 2509 1824 2571 antecessor
1844 2505 2023 2586 primarius.

714 2603 867 2670 MDCXII
887 2602 1064 2685 Greporius
1084 2603 1255 2688 Schdafeld
1276 2604 1397 2670 Senior.

713 2702 880 2769 MDGXIII
901 2703 1061 2770 Erasmus
1083 2726 1104 2768 a
1125 2703 1353 2786 Starclceoterp
1367 2708 1397 2785 ³)
1418 2703 1511 2785 Baro,
1539 2702 1733 2783 Austriacus,
1765 2702 1918 2767 Dominus
1944 2705 1977 2767 in
2001 2702 2172 2785 Wildperg,
2198 2705 2275 2769 Ried
2302 2710 2335 2770 et

592 2804 792 2871 Liehenstein
806 2803 1027 2884 magistratum
1039 2803 1139 2883 gessit
1152 2802 1371 2882 felicissimum,
1394 2803 1522 2884 ipseque
1535 2801 1634 2866 multa
1648 2802 1776 2882 negocia
1792 2803 1968 2882 composuit
1993 2819 2091 2883 eaque
2108 2802 2286 2869 difficillima
2296 2808 2335 2885 ⁴),

592 2906 703 2970 dexter
733 2903 772 2968 dc
800 2903 918 2966 caussis
948 2901 1141 2981 gravissimis
1167 2902 1280 2982 jndex,
1310 2902 1493 2966 adolescens
1519 2901 1560 2965 ad
1589 2918 1708 2966 summa
1735 2906 1844 2982 natus,
1876 2901 1999 2981 ingenio
2021 2907 2204 2985 praestans,
2232 2904 2335 2967 animo
2407 2896 2409 2899 ’

590 3020 723 3084 magnus
745 3005 778 3066 ct
800 2999 944 3065 doctrina
963 3000 1170 3081 ingenuarum
1192 3001 1309 3065 artium
1328 3001 1490 3081 praeclare
1511 3006 1650 3065 ornatus.
1692 3000 1858 3065 Prorector
1882 3000 2026 3067 Joonnes
2047 3002 2220 3068 Goddoeus
2242 3002 2272 3068 J.
2296 3003 2334 3065 Ι).

591 3107 624 3168 et
644 3099 815 3167 Professor.

713 3198 878 3264 MDOXIV
893 3198 1038 3264 donares
1051 3197 1253 3263 Hartmaarri
1266 3199 1305 3262 D.
1318 3198 1458 3264 Medicus
1472 3203 1506 3263 et
1522 3198 1724 3265 Chimietriae
1736 3197 1893 3278 professor
1906 3198 2056 3281 publicus,
2070 3201 2186 3265 Rector
2200 3201 2246 3266 lII
2261 3202 2333 3267 vice.

713 3297 864 3364 MDGXV
883 3296 926 3361 M.
948 3297 1133 3362 theodorus
1160 3296 1268 3363 Victor
1290 3297 1400 3362 Graec.
1423 3298 1512 3379 ling.
1532 3299 1612 3380 prof.
1633 3302 1667 3363 et
1687 3296 1970 3378 Paedagogiarcha.

714 3396 878 3463 MDOXVI
900 3395 1069 3477 Oosporus
1090 3395 1253 3462 Stormius
1273 3396 1510 3462 Fridslariensis
1539 3399 1570 3464 S.
1592 3398 1623 3464 S.
1643 3395 1700 3461 Th.
1723 3397 1761 3460 D.
1794 3400 1826 3461 et
1859 3395 2033 3478 professor,
2062 3399 2335 3478 stipendiariorum

592 3499 747 3582 Ephorus,

713 3595 892 3662 MDCXVII
914 3593 1164 3676 Christopttoras
1184 3591 1363 3659 Detchmaa
1384 3592 1415 3659 J.
1437 3594 1474 3660 U.
1496 3595 1534 3659 D.
1556 3599 1588 3659 et
1609 3593 1836 3660 Pandectarum
1855 3593 2023 3677 professor.

714 3695 895 3761 MDOXIIX
917 3693 1076 3776 Georpias
1098 3692 1250 3774 Oroctper
1271 3692 1407 3772 Logicae
1427 3699 1461 3759 et
1480 3694 1711 3774 Metaphysicae
1726 3695 1755 3774 ⁵)
1776 3694 1945 3776 professor,
1966 3696 2014 3760 cui
2036 3701 2069 3759 et
2092 3697 2282 3764 Rectoratus
2305 3700 2336 3762 in

591 3816 708 3864 annum
729 3799 913 3876 sequentem

714 3893 880 3959 MDOXIX
901 3895 1097 3973 prorogatus

714 3993 865 4060 lllDGXX
885 3991 1029 4057 Jooaoes
1053 3989 1186 4056 Oroctos
1207 3989 1238 4055 S.
1259 3988 1290 4053 S.
1314 3988 1370 4053 Th
1393 3990 1431 4053 D.
1452 3988 1531 4071 prof.
1553 3989 1719 4070 primarius
1742 3994 1775 4054 et
1795 3989 2010 4055 Ecclesiastes.

714 4091 879 4158 MDOXXI
900 4089 1043 4157 Joaaaes
1063 4087 1251 4153 Matthaeus
1271 4087 1301 4152 J.
1324 4087 1361 4153 U.
1387 4090 1425 4154 D.
1450 4092 1483 4153 et
1501 4088 1667 4170 professor.

714 4191 894 4258 MDCXXII
915 4190 1058 4256 Jooaues
1081 4187 1289 4254 Gomhoctrc'cs
1310 4188 1512 4254 Wettcraons
1534 4188 1747 4270 philosophiae
1767 4187 1933 4270 professor.

694 4438 721 4505 1)
739 4436 785 4491 Sic
801 4451 863 4492 cnm
873 4433 993 4489 Dilichio
1010 4435 1051 4488 vir
1070 4433 1192 4504 chymica
1210 4433 1333 4489 doctrina
1352 4434 1518 4490 clarissimus
1536 4449 1634 4490 nomen
1651 4450 1730 4489 snum
1743 4433 1804 4502 ipse
1817 4432 1925 4501 scribit3
1944 4433 2030 4488 forma
2048 4435 2208 4491 Hartman
2227 4433 2336 4487 Curtius

593 4535 620 4580 et
639 4521 793 4579 Striederus
813 4526 931 4576 utuntur.

697 4609 727 4677 2)
747 4607 793 4662 Sic
810 4621 908 4662 nomeu
926 4605 1035 4674 scripsit
1051 4603 1105 4658 Dil.
1124 4606 1150 4660 h.
1169 4605 1196 4674 l.,
1212 4606 1240 4660 in
1259 4606 1319 4674 ipsa
1335 4606 1393 4660 rita
1408 4612 1483 4660 recte
1502 4602 1673 4660 Gocddaeas.

696 4694 726 4764 3)
743 4693 803 4748 Hac
821 4692 935 4746 nominis
953 4691 1039 4745 forma
1057 4691 1143 4746 utitur
1160 4691 1193 4745 D.
1212 4707 1263 4759 pro
1283 4691 1464 4762 Stolrrenherp
1481 4690 1532 4763 vel,
1549 4690 1622 4759 quod
1639 4692 1667 4746 in
1683 4690 1755 4745 Albo
1771 4695 1866 4758 exstat,
1887 4688 2082 4759 Storhemherp.

696 4780 724 4846 l)
742 4779 806 4835 Cod.
827 4778 993 4849 difficilitas.
1048 4777 1078 4845 h)
1096 4776 1128 4830 In
1146 4776 1204 4832 cod.
1225 4776 1324 4846 legitur
1342 4777 1544 4848 Mettaopha'cac.
