5534 6984
599 799 644 868 24

601 989 717 1070 equitis
747 985 850 1052 aurati
878 983 1031 1064 dignitate
1061 987 1172 1049 111111
1202 983 1316 1048 luerat.
1365 982 1505 1062 Ideoque
1533 1000 1602 1047 cam
1630 980 1680 1046 vel
1699 981 1759 1046 1111
1786 979 1926 1062 inprimis
1952 984 2040 1044 sorte
2060 984 2094 1043 et
2116 977 2272 1045 natalibus
2294 997 2346 1044 ex·

602 1087 752 1154 uellerent
773 1087 929 1167 parentes,
951 1082 1055 1147 omnia
1078 1099 1198 1146 summa
1218 1079 1373 1161 fecerunt,
1403 1086 1456 1161 ut,
1476 1080 1728 1162 quandoquidem
1748 1080 1812 1145 acri
1834 1078 1914 1143 satis
1935 1077 2059 1158 iugenio
2082 1095 2150 1143 esse
2171 1077 2347 1158 videbatur,

599 1186 782 1254 educatione
810 1181 1010 1263 doctrinaque
1039 1180 1151 1262 puerili
1179 1179 1349 1248 liberaliter
1379 1180 1612 1260 institueretur,
1649 1197 1747 1262 eaque
1777 1179 1817 1243 de
1851 1193 1965 1243 caussa
1994 1176 2189 1242 Daventriae
2213 1178 2347 1259 primurn

600 1283 777 1352 Alexandro
799 1281 901 1361 Hegio
933 1285 966 1344 et
987 1279 1104 1344 loanni
1127 1278 1337 1360 Ostendorpio
1359 1278 1496 1344 traditus
1519 1283 1583 1359 est,
1609 1280 1663 1360 qui
1691 1297 1823 1360 puerum
1842 1277 1884 1343 ad
1911 1277 2107 1341 honestatem
2128 1281 2162 1340 et
2184 1276 2347 1342 1111111111

599 1384 703 1452 studia
725 1381 905 1447 formarent.
947 1377 1155 1442 Postmodum
1176 1377 1209 1442 in
1224 1376 1460 1458 bononiensem,
1482 1395 1544 1458 qua
1566 1377 1766 1443 celebriorem
1783 1382 1848 1442 turn
1869 1375 2021 1456 temporis
2040 1373 2208 1440 Germania
2223 1375 2347 1440 videbat

599 1483 737 1561 nullam,
764 1477 992 1561 philosophiam
1014 1494 1077 1540 non
1107 1475 1215 1541 didicit
1245 1476 1355 1557 modo,
1382 1494 1489 1540 verum
1518 1481 1551 1540 et
1580 1475 1686 1540 docuit
1710 1475 1833 1540 Joanne
1851 1473 2032 1555 Paludauo,
2057 1473 2197 1538 Martino
2220 1475 2348 1556 Dorpio,

601 1582 743 1648 Adriano
764 1578 931 1659 Barlando,
953 1577 1075 1641 Joanne
1097 1573 1279 1656 (lampenae,
1299 1574 1444 1655 Rudgem
1464 1574 1586 1654 Roscio,
1608 1573 1724 1638 Jodoco
1745 1574 1846 1637 Laeto
1868 1577 1901 1637 et
1921 1573 1990 1654 ipso
2012 1573 2094 1637 iuter
2116 1574 2195 1638 alios
2215 1573 2347 1640 Erasmo

601 1679 817 1746 Eoterodamo
848 1694 925 1742 usus
957 1673 1162 1740 familiariter.
1212 1674 1299 1739 Vixit
1318 1676 1430 1755 postea
1449 1671 1632 1753 aliquandiu
1650 1671 1852 1752 Autuerpiae,
1881 1671 1963 1752 qaod
1991 1677 2059 1738 tum
2084 1672 2268 1754 Emporium
2288 1675 2348 1738 toti

600 1780 749 1860 Europae
770 1776 976 1841 notissimum.
1028 1773 1070 1838 At
1093 1790 1168 1838 1110
1197 1791 1265 1838 cum
1287 1773 1341 1838 isti
1361 1772 1552 1837 adolescenti
1574 1789 1674 1852 neque
1693 1789 1713 1835 a
1734 1775 1868 1851 natura,
1898 1789 2001 1852 neque
2021 1770 2203 1836 1110111111
2224 1771 2348 1838 deesset

600 1881 783 1962 quicquam,
813 1873 1046 1939 commendatus
1067 1870 1179 1938 Carolo
1202 1870 1239 1935 V.
1282 1870 1510 1952 Imperatori¹)
1538 1870 1672 1951 primum
1693 1870 1734 1934 ad
1753 1868 1868 1934 Aulam
1889 1870 2027 1950 accitur,
2057 1875 2093 1935 ut
2117 1871 2156 1936 ab
2177 1871 2346 1938 Historicis

601 1981 635 2044 ct
656 1973 842 2041 lectionibus
863 1976 948 2038 esset
968 1970 1079 2036 eidem.
1127 1967 1187 2034 Sed
1209 1988 1279 2034 oum
1308 1969 1487 2052 displiceret
1508 1969 1747 2036 Geldmlaurio
1767 1968 1914 2050 frequens
1935 1969 2074 2052 locorum
2097 1971 2227 2035 mutatio
2255 1988 2293 2035 ac
2313 1972 2346 2036 in

602 2074 787 2156 Hispaniam
809 2072 886 2137 ituri
907 2069 1009 2137 Caroh
1031 2068 1206 2150 comitatus,
1235 2069 1346 2134 relicta
1365 2069 1569 2152 imperatoria
1589 2069 1663 2134 aula
1683 2087 1717 2133 11
1737 2068 1779 2133 ad
1799 2067 1977 2149 Philippum
1994 2067 2234 2150 Ultrajectinum
2254 2088 2347 2151 prae·

603 2175 703 2242 sulem
724 2170 872 2251 contulit,
900 2169 991 2250 eique
1017 2186 1037 2232 a
1066 2168 1197 2232 secretis
1225 2167 1259 2232 iu
1278 2167 1394 2232 Latina
1419 2169 1526 2249 lingua
1555 2172 1588 2233 et
1615 2168 1648 2232 iu
1670 2166 1809 2233 cubiculo
1838 2167 2064 2233 electionibus
2085 2167 2146 2232 luit
2166 2187 2223 2249 per
2244 2187 2343 2234 annos

602 2275 664 2340 XII
685 2290 784 2354 usque
806 2269 848 2334 ad
870 2286 986 2334 annum
1006 2265 1183 2330 MDXXIV.
1235 2267 1303 2343 Quo
1324 2267 1543 2332 1110111111
1565 2267 1646 2332 diem
1669 2267 1801 2332 obiisset
1820 2284 1928 2346 suum,
1950 2266 2205 2347 Maximilian02)
2227 2286 2247 2333 a
2267 2268 2346 2333 Bur-

602 2372 720 2454 gundia
741 2371 788 2435 ita
808 2368 927 2434 volenti
946 2383 1074 2447 operam
1100 2382 1192 2428 11111
1210 2364 1320 2430 iisdem
1348 2367 1380 2430 in
1407 2366 1502 2432 rebus
1524 2366 1697 2432 collocavit.
1743 2365 1787 2430 At
1814 2383 1899 2431 anno
1920 2364 2088 2430 MDXXVI
2111 2384 2131 2429 a
2152 2365 2347 2447 Principibus

602 2472 677 2538 viris
699 2468 927 2546 Wittebcrgam
947 2464 1062 2529 missus
1083 2463 1240 2529 Ecclesiae
1262 2462 1343 2529 illius
1365 2469 1462 2546 atque
1481 2464 1606 2530 scholae
1628 2465 1780 2530 rationem
1800 2464 1953 2546 inspicere
1973 2469 2007 2529 11
2027 2465 2189 2545 explorare
2207 2466 2345 2545 jubetur.

602 2572 757 2635 Reversus
777 2567 876 2646 igitur
894 2562 1017 2643 audita,
1039 2563 1116 2643 visa,
1136 2567 1357 2643 compertaque
1378 2565 1438 2629 sibi
1461 2563 1522 2629 illis
1543 2562 1604 2629 fide
1625 2564 1745 2645 optima
1765 2563 1875 2628 retulit
1897 2563 2010 2644 omnia,
2030 2562 2133 2628 lassus
2155 2564 2291 2644 ingenue
2312 2583 2346 2630 11

601 2687 664 2734 101
686 2683 779 2749 posse
800 2681 862 2728 non
881 2661 1018 2744 probare
1047 2665 1079 2724 et
1100 2660 1316 2726 commendare
1343 2661 1377 2726 id
1399 2662 1559 2728 doctrinae
1580 2681 1698 2744 genus,
1724 2663 1810 2744 quod
1832 2678 1902 2726 cum
1930 2662 2032 2727 literis
2054 2662 2250 2745 Propheticia
2273 2682 2346 2730 101-

602 2766 720 2832 1111111
745 2770 778 2829 11
800 2760 1004 2844 ApostoliciS,
1032 2759 1152 2841 haeque
1173 2760 1335 2826 occasione
1354 2760 1471 2826 relictis
1499 2761 1731 2827 Pontificiomm
1751 2762 1911 2843 partibus,
1940 2761 2151 2842 religioneque
2178 2763 2346 2828 immutata

602 2884 666 2930 non
686 2865 754 2929 sine
783 2863 867 2927 vitae
886 2879 923 2925 11
946 2858 1145 2924 fortunarum
1173 2860 1309 2924 omnium
1331 2860 1467 2941 1111111110
1487 2861 1528 2926 ad
1555 2861 1733 2940 Vangiones
1759 2861 1838 2925 abiit
1866 2869 1899 2925 et
1926 2858 2162 2939 Wormaciae⁸)
2193 2863 2346 2943 inprimis,
2403 2886 2404 2889 ¹

602 2982 698 3031 uxore
726 2961 840 3027 ibidem
868 2960 963 3026 ducta
992 2958 1099 3023 sedern
1127 2956 1197 3024 fixit
1224 2977 1346 3024 omnem
1375 2978 1445 3024 cum
1465 2960 1594 3041 pietatis
1623 2959 1736 3024 studiis
1764 2960 1920 3024 rationem
1945 2957 2066 3025 habens
2091 2964 2125 3025 et
2147 2960 2347 3041 iuventutem

603 3064 700 3128 etiam
722 3061 824 3141 ipsam
846 3057 886 3124 ad
908 3058 1018 3123 literas
1041 3063 1138 3139 atque
1158 3056 1396 3141 humanitatem,
1416 3059 1444 3124 si
1464 3059 1629 3139 quisquam
1649 3059 1738 3139 alius,
1759 3057 1912 3138 effingens
1933 3057 2051 3123 sedulo.
2094 3057 2258 3125 Sedenim
2278 3078 2347 3126 aum

603 3160 761 3226 1111111111
788 3159 910 3223 interea
938 3157 1029 3222 ludus
1067 3157 1244 3238 aperiretur
1272 3158 1396 3239 publico
1424 3158 1576 3223 invitatus
1611 3156 1764 3239 stipendio
1798 3175 1832 3222 11
1860 3158 1986 3222 scholae
2014 3157 2060 3221 illi
2084 3157 2204 3222 addixit
2233 3164 2345 3224 totum.

602 3260 685 3326 Hinc
711 3260 883 3339 Augustam
909 3255 1141 3322 vindelicorum
1177 3261 1326 3321 evocatus
1357 3275 1484 3338 operam
1512 3274 1600 3322 suam
1625 3256 1747 3337 pariter
1775 3255 1964 3321 emdiendae
1997 3256 2158 3337 Juventuti
2185 3257 2346 3340 impendit,

603 3360 701 3426 donec
721 3375 803 3423 anuo
823 3355 1062 3437 MDXXXIV‘)
1085 3354 1290 3436 Marpurgam
1311 3355 1471 3421 transiret.
1514 3355 1583 3433 Qua
1608 3356 1641 3420 in
1663 3354 1831 3421 Academia
1857 3352 2006 3420 historias
2029 3355 2166 3436 primum
2188 3355 2347 3422 biennium

603 3477 640 3524 ac
660 3455 860 3541 postmodum
880 3454 1070 3520 novennium
1092 3471 1199 3520 111111
1219 3454 1346 3535 literas,
1367 3454 1480 3536 quibus
1500 3455 1623 3520 immori
1645 3454 1846 3535 decreverat,
1868 3454 1920 3536 pie
1942 3459 2064 3518 etcum
2085 3454 2266 3520 auditorum
2285 3475 2347 3521 non

602 3555 722 3622 modico
742 3554 848 3619 fructu
870 3555 1096 3635 interpretatus
1118 3558 1177 3634 est,
1196 3554 1243 3619 ita
1265 3560 1302 3620 ut
1318 3555 1442 3619 interea
1456 3554 1551 3619 etiam
1566 3554 1708 3620 Rectoria
1722 3571 1849 3618 munere
1862 3552 2043 3635 perfunctus
2058 3551 2164 3619 fuerit.
2209 3554 2347 3620 Tandem

602 3673 686 3721 anno
712 3654 864 3720 MDXLII
891 3653 1007 3718 decimo
1036 3653 1182 3718 Janumii
1209 3653 1260 3717 die
1286 3654 1430 3733 spiritum
1460 3655 1526 3719 Deo
1561 3652 1699 3718 reddidit
1734 3653 1964 3734 sexagenarius.
2014 3651 2091 3734 Ejus
2119 3654 2238 3734 scripta
2270 3655 2349 3719 haec

602 3757 694 3820 sunt:
721 3753 923 3818 Perticarum
943 3753 1134 3833 tyrocinium
1152 3753 1219 3816 siue
1239 3751 1521 3834 Epiprammatum
1542 3752 1619 3816 libri
1639 3752 1694 3830 Π,
1723 3768 1802 3832 quos
1833 3750 1931 3816 edidit
1952 3769 2051 3816 annos
2074 3757 2168 3817 uatus
2190 3753 2294 3818 decem
2315 3759 2347 3817 et

602 3856 691 3920 octo:
720 3848 833 3917 Oratio
861 3850 1082 3915 cohortatoria
1103 3849 1147 3914 ad
1172 3850 1316 3914 studium
1339 3849 1494 3915 honarum
1516 3851 1697 3929 literarum,
1729 3870 1799 3914 eum
1819 3851 1898 3915 aliis
1920 3849 2111 3932 quibusdam
2133 3852 2347 3917 orationihus:

604 3953 745 4035 Saturae
765 3956 846 4028 octo,
877 3965 1010 4028 querum
1031 3965 1085 4014 sex
1105 3948 1137 4013 in
1157 3946 1299 4029 Phrisia,
1325 3948 1404 4013 duas
1425 3953 1603 4030 postremas
1623 3948 1657 4013 iu
1678 3947 1827 4014 Selandia
1847 3948 1997 4014 absolvit:
2023 3950 2250 4032 Epistularum
2273 3951 2349 4016 libri

604 4057 686 4120 tres:
718 4049 771 4116 De
791 4068 914 4129 pompa
936 4046 1073 4130 funebri
1097 4047 1302 4112 Ferdinamli
1329 4049 1536 4132 Arraponam
1561 4048 1678 4131 Rupis:
1706 4047 1760 4114 De
1791 4049 1931 4114 aduentu
1959 4049 2109 4130 Philippi
2123 4051 2293 4131 praesulis
2312 4051 2348 4115 in

604 4151 756 4216 ditionem
782 4145 1029 4229 Ultrujectirram
1056 4153 1086 4213 et
1107 4148 1212 4212 oratio
1228 4167 1293 4228 pro
1321 4148 1429 4213 eodem
1456 4148 1501 4213 ad
1522 4146 1675 4214 Oarolum
1696 4146 1896 4230 Amastra.-
1923 4146 2000 4213 l⁷ita
2020 4149 2164 4229 ejusdem
2185 4149 2348 4231 Philippi:

604 4249 789 4329 Descriptio
819 4245 953 4311 Insulae
980 4244 1200 4311 Batauorum:
1228 4246 1380 4312 Historia
1411 4246 1593 4312 Bataaioa:
1620 4245 1796 4328 Catalopus
1823 4246 2059 4328 Episcoporum
2081 4249 2348 4330 Trajectensium:

604 4346 773 4413 Historiae
785 4364 864 4410 suae
876 4345 993 4410 aetatis
1011 4344 1088 4409 libri
1111 4343 1193 4409 VII:
1216 4343 1269 4410 De
1282 4346 1363 4410 uiris
1381 4346 1565 4411 illustribus
1577 4346 1754 4428 Inferioris
1769 4344 1978 4412 Germaniae:
2001 4347 2164 4428 Redolplri
2176 4348 2349 4430 Apricolae

604 4450 637 4512 et
665 4443 798 4511 Wesseli
820 4442 1007 4526 Garnsmtii
1027 4443 1213 4508 Frisiorum
1234 4460 1272 4508 aa
1293 4444 1474 4510 Noutraeni
1492 4447 1594 4510 uitae:
1625 4443 1893 4511 Gernronicarum
1922 4447 2133 4511 historiarum
2156 4447 2348 4511 illustratio:

603 4549 638 4611 et
657 4543 809 4627 Epistola
829 4542 873 4607 acl
896 4541 1028 4608 Gelriae
1050 4542 1237 4623 Principiam
1264 4541 1466 4608 llillrelmum
1484 4544 1705 4628 protrulatorr'a
1735 4551 1765 4609 et
1786 4545 2003 4609 admonitoria
2027 4545 2065 4610 de
2087 4546 2200 4610 lorum
2220 4545 2347 4609 Princi-

599 4650 739 4727 patuum
760 4642 936 4724 adeptione,
962 4641 1061 4726 deque
1082 4641 1277 4723 miranda⁸l
1305 4645 1498 4725 antiquitate
1525 4663 1634 4725 rapum
1657 4641 1860 4708 Geruraniae.
1905 4642 2067 4708 Concessit
2087 4647 2192 4709 autem
2215 4652 2348 4709 naturae

711 4925 891 4994 illusoriam
911 4924 1003 4980 addito
1023 4925 1118 4981 Tilem.
1134 4926 1255 4983 1111111111
1274 4927 1373 4997 voluit,
1394 4929 1481 4985 111111
1498 4934 1575 4983 11011
1598 4926 1748 4982 Dilichinnr
1766 4927 1892 4982 carolum
1911 4926 2002 4982 dicere
2022 4928 2230 4997 Imperatorem,
2256 4928 2301 4998 qui
2320 4929 2348 4982 ia

605 5015 675 5070 11111
693 5011 850 5079 dignitatem
867 5018 977 5066 11111111
995 5010 1113 5067 nondum
1131 5013 1222 5068 luerit.

707 5097 732 5164 2)
752 5094 815 5150 Cod.
835 5097 1046 5152 Mananiliarrc.

709 5182 735 5248 3)
755 5180 814 5234 Hoc
831 5180 892 5236 1000
911 5182 1013 5237 inserta
1030 5188 1073 5236 eat
1090 5183 1179 5250 imago
1196 5181 1399 5239 Goldenhaurii.

708 5268 739 5330 t)
757 5265 881 5320 Scribere
900 5266 954 5322 Dil.
972 5267 1091 5322 voluisse
1108 5267 1282 5332 mcxxxii,
1302 5270 1426 5337 proxima
1442 5268 1526 5323 verba
1543 5268 1650 5337 docent,
1669 5274 1751 5337 atque
1769 5270 1880 5326 aliunde
1899 5278 2012 5341 1011111,
2033 5289 2057 5327 1.
2074 5272 2251 5326 MDXXXIV
2271 5272 2348 5327 Gald

607 5353 635 5407 in
651 5350 840 5420 theologorum
858 5368 999 5407 numerum
1017 5353 1163 5421 1111111111,
1182 5369 1244 5408 cnm
1263 5361 1344 5408 antea
1356 5354 1498 5408 historiam
1510 5354 1656 5409 docuisset.
1680 5355 1719 5408 Ct.
1734 5355 1855 5410 Strieder
1865 5357 1943 5413 Heus.
1958 5359 2016 5413 Gel.
2030 5359 2128 5412 Gesch.
2139 5358 2187 5424 IV,
2206 5375 2232 5425 p.
2244 5360 2294 5410 355
2309 5373 2348 5423 sq.

710 5439 736 5505 bl
754 5437 800 5493 Sic
816 5437 924 5506 Dilieh,
939 5455 992 5494 non
1008 5437 1182 5506 admirando,
1200 5438 1274 5506 quod
1293 5438 1389 5493 Tilem.
1410 5439 1527 5495 exhibet.
