5534 6984
621 858 692 931 130

619 1048 815 1114 abstrusiora
829 1045 1047 1129 Philosophiae
1065 1048 1165 1130 perte,
1187 1064 1268 1129 qnae
1287 1046 1319 1112 in
1340 1046 1569 1129 investigandis
1590 1064 1696 1112 rerum
1714 1048 1905 1114 naturalium
1927 1050 2046 1115 caussis
2061 1050 2203 1131 vertitur,
2223 1052 2359 1119 intendit

619 1153 714 1230 atque
733 1146 839 1212 defixit
855 1148 1009 1228 animum,
1031 1151 1063 1211 et
1076 1146 1194 1229 Logioa
1213 1147 1354 1213 docenda
1374 1154 1518 1213 versatus
1537 1152 1589 1212 est
1607 1165 1691 1211 enno
1707 1148 1889 1215 MDCXXII
1909 1150 2097 1215 Academiae
2115 1150 2240 1216 Rector.
2270 1154 2359 1218 Inter

617 1246 846 1313 lucubrationes
868 1246 935 1330 ejus
956 1247 1106 1313 Antidoti
1132 1247 1210 1312 libri
1235 1246 1314 1327 duo,
1347 1247 1574 1331 Metapbpsicc
1593 1250 1629 1311 et
1648 1243 1790 1331 Physica
1818 1250 1975 1314 succincte
2005 1268 2136 1331 prorsus
2162 1255 2359 1332 pertractate

617 1346 763 1412 methodo
782 1351 816 1412 et
835 1348 934 1413 omnis
952 1347 1076 1429 generis
1096 1341 1258 1413 mehmelis
1278 1346 1496 1429 philosophicis
1518 1360 1693 1427 conspersa,
1735 1348 1814 1430 Spes
1833 1354 1938 1413 tenum
1958 1354 2016 1431 est,
2037 1350 2064 1414 si
2078 1367 2171 1431 porro
2192 1354 2356 1431 superstes

617 1446 669 1528 sit,
688 1444 765 1528 iore,
784 1451 831 1529 ut,
852 1447 925 1529 quia
944 1450 978 1511 in
995 1446 1177 1513 disserendo
1195 1446 1456 1529 prudentissimus
1474 1450 1505 1510 et
1520 1445 1552 1510 in
1567 1444 1840 1512 exercitationibus
1853 1447 2115 1514 laboriosissimus
2130 1454 2188 1529 est,
2209 1447 2311 1513 multa
2324 1450 2358 1514 in

620 1544 813 1629 Theologicis
827 1550 861 1611 et
873 1545 1098 1629 Philosophicis
1115 1546 1264 1629 elaboret,
1285 1546 1400 1627 quibus
1420 1544 1521 1610 fontes
1537 1546 1598 1627 ipsi
1612 1547 1799 1627 aperiuntur
1810 1546 1852 1631 ¹).
1877 1549 1915 1613 In
1933 1548 2032 1630 ipsius
2054 1546 2190 1631 effigiem
2206 1547 2357 1630 Eglinus:

1098 1644 1136 1700 In
1152 1645 1276 1715 Physica
1292 1651 1320 1699 st
1336 1646 1444 1714 Logiec
1461 1649 1575 1699 masau
1594 1644 1771 1700 Gornbcchiua
1789 1652 1850 1701 arte

1131 1730 1268 1799 doenum,
1283 1728 1360 1800 faeie
1377 1732 1430 1786 hac
1447 1730 1655 1801 conspiciendus
1673 1737 1739 1785 mac

1097 1817 1140 1872 Et
1152 1816 1248 1872 stadio
1264 1817 1384 1872 Patrem
1403 1824 1430 1873 st
1447 1817 1593 1888 Scriptura
1610 1819 1690 1887 cique
1708 1818 1837 1888 loquendi

1135 1904 1299 1975 Ilaes'oiopss
1317 1921 1398 1960 eorus
1416 1904 1657 1975 Philosophusqsc
1672 1920 1757 1960 sacca

1247 2155 1413 2234 Joacnes
1440 2167 1592 2233 Pincier
1617 2157 1660 2233 M.
1682 2159 1721 2233 b.

713 2321 854 2388 loannes
883 2321 1006 2387 Pincier
1036 2326 1131 2387 nabas
1162 2326 1214 2388 est
1240 2322 1394 2389 Wetteris
1427 2341 1512 2390 anno
1542 2322 1680 2390 MDLVI
1714 2327 1807 2405 petre
1836 2320 2006 2404 Theophila
2035 2332 2077 2387 err
2109 2321 2239 2403 antiqua
2269 2324 2353 2405 apud

613 2419 832 2503 Wetteranos,
865 2422 1039 2503 antiquiore
1067 2422 1150 2503 apud
1170 2421 1400 2505 Bidecapenses
1420 2423 1669 2506 Pintsigerorum
1690 2422 1810 2489 tamilla
1830 2422 1961 2488 oriundo
1973 2422 2019 2504 ²),
2046 2426 2147 2487 matre
2168 2420 2312 2489 Susanna
2332 2440 2353 2488 e

608 2518 714 2587 Suen
741 2521 911 2604 prosapiae
937 2520 1176 2603 Marpurgcnais
1202 2521 1286 2587 haud
1315 2522 1454 2604 plebeiae
1481 2542 1538 2589 nec
1566 2524 1670 2589 minus
1695 2524 1857 2604 antiquae.
1908 2521 2087 2586 Literarum
2115 2521 2290 2587 rudimenta
2320 2522 2353 2586 in

612 2621 719 2703 patria
746 2622 868 2704 posuit,
900 2622 934 2685 in
961 2639 1023 2703 qua
1050 2622 1204 2704 pueritiae
1230 2640 1329 2688 annos
1356 2624 1409 2688 vix
1434 2640 1579 2705 egressus
1609 2630 1779 2705 utrumque
1808 2626 1969 2705 parentem
1997 2621 2104 2686 amisit
2134 2625 2169 2686 et
2195 2620 2352 2703 orphanus

611 2719 818 2803 Marpurgum
839 2722 954 2787 missus
976 2726 1041 2802 est,
1069 2722 1124 2786 ubi
1144 2723 1203 2788 sub
1225 2722 1312 2788 lusti
1332 2723 1450 2807 Vulteji
1469 2723 1592 2806 patrui,
1621 2731 1689 2788 tum
1712 2722 1861 2803 temporis
1890 2720 2196 2803 paedagogiarchae,
2225 2720 2352 2803 ejusque

611 2820 803 2901 collegarum
823 2820 985 2903 disciplina
1006 2821 1178 2887 studiorum
1200 2822 1395 2888 continuavit
1421 2842 1560 2904 cursum,
1591 2823 1689 2888 donce
1713 2822 1753 2887 ed
1781 2820 1940 2886 auditoria
1967 2821 2191 2885 admitteretur
2218 2820 2351 2901 publica.

611 2918 706 2984 Hisce
731 2938 788 3001 per
814 2938 910 2985 unum
938 2925 1035 3002 atque
1061 2922 1196 2986 elterum
1218 2921 1426 3004 frequentatis
1446 2934 1562 2988 annum
1583 2934 1679 2987 suasu
1699 2921 1804 3003 patrui
1825 2922 1874 2985 sui
1895 2920 2026 2985 Joannis
2047 2919 2181 2985 Pincieri
2201 2918 2230 2985 J.
2254 2919 2292 2985 U.
2312 2918 2350 2984 D.
2387 2916 2389 2920 ’

609 3018 763 3103 praelecti
782 3020 995 3101 Epsteinensis
1016 3020 1257 3102 Heidelbergam
1277 3040 1311 3087 se
1333 3023 1483 3104 contulit,
1512 3022 1746 3102 Medicinaeque
1772 3021 1910 3084 animum
1937 3018 2096 3100 applicuit.
2138 3017 2240 3084 Jectis
2261 3018 2293 3083 in
2314 3036 2352 3083 ea

611 3109 823 3184 fundamentis
835 3119 1042 3185 mediocribus
1054 3119 1095 3184 ed
1107 3116 1341 3186 celeberrimum
1353 3122 1420 3205 ejus
1433 3120 1549 3187 aetatis
1563 3120 1733 3202 chymicum
1742 3118 1898 3184 hdemum
1905 3116 2057 3184 Keckinm
2069 3113 2352 3200 Pharmacopoeum

610 3211 903 3285 liencoiurtensem
923 3219 1130 3301 chymicorum
1158 3219 1297 3302 undique
1326 3221 1368 3286 ad
1397 3220 1501 3303 ipsum
1527 3239 1566 3286 ex
1593 3220 1771 3303 longinquis
1799 3218 1981 3300 regionibus
2002 3216 2237 3299 confluentium,
2270 3218 2352 3283 inter
2391 3276 2396 3283 .

611 3335 689 3401 quos
717 3317 831 3384 Petrus
859 3316 1026 3384 Severinus
1062 3324 1095 3385 et
1127 3314 1266 3385 ioannes
1300 3319 1479 3403 Pratensis,
1518 3320 1621 3404 Dani,
1658 3316 1746 3386 suere
1778 3324 1812 3385 et
1839 3318 1975 3383 Thomas
2001 3310 2181 3398 Muffettus,
2219 3314 2351 3399 huglus,

609 3415 888 3500 hospitalissimum
915 3423 1143 3501 receptatorem
1172 3413 1318 3503 divertit,
1347 3438 1492 3505 annoque
1520 3420 1553 3487 in
1580 3425 1714 3502 utreque
1743 3420 1810 3502 ejus
1833 3416 1955 3483 officina
1976 3422 2085 3482 exacto
2107 3411 2350 3498 Heidelbergam

604 3520 751 3585 revertit.
793 3519 866 3584 Non
885 3518 978 3601 longe
1004 3525 1077 3601 post
1099 3516 1253 3601 dissipate
1274 3520 1437 3587 illustriss.
1460 3520 1614 3586 Electoris
1636 3518 1774 3584 Palatini
1794 3516 1944 3583 Friderici
1967 3516 2052 3582 tertii
2074 3516 2161 3582 obitu
2181 3510 2350 3582 Academia

610 3611 803 3685 Generosum
824 3617 913 3683 Dom.
936 3614 1067 3684 Paulum
1087 3612 1313 3685 Gieraltovium
1339 3638 1397 3704 per
1422 3610 1601 3685 Bohemiam
1630 3620 1663 3685 in
1682 3619 1846 3684 Poloniam
1867 3618 2034 3683 comitatus
2055 3621 2119 3699 est,
2150 3617 2235 3699 epod
2258 3634 2350 3700 quem

608 3718 643 3784 in
663 3716 777 3784 ducatu
790 3713 965 3784 Zatoriensi
986 3717 1224 3802 quadriennium
1245 3721 1357 3785 eximia
1375 3720 1435 3785 viri
1455 3718 1651 3785 humanitate
1673 3720 1822 3785 detentus
1845 3718 2010 3799 transegit,
2031 3714 2229 3799 linguamque
2245 3710 2349 3799 gentis

609 3822 741 3884 eatenus
762 3815 929 3900 addidicit,
957 3822 994 3883 ut
1021 3822 1055 3884 et
1081 3837 1190 3884 versus
1212 3818 1376 3885 Polonieos
1407 3824 1561 3902 pangeret
1589 3818 1672 3885 haud
1700 3816 1881 3899 infeliciter,
1909 3835 2045 3899 praxeos
2067 3816 2191 3881 interim
2213 3814 2350 3883 medicae

610 3919 770 4000 tyrociniis
798 3937 861 3984 non
885 3918 1089 4000 intermissis,
1121 3916 1277 3999 simulque
1307 3919 1396 4000 quasi
1424 3927 1591 4003 παρέργως
1618 3918 1748 3985 Italicae
1778 3918 1904 4000 linguae
1932 3917 2029 3982 initiis
2057 3915 2185 3981 assidua
2215 3914 2349 3982 lectione

609 4020 775 4103 perceptis.
816 4012 844 4083 E
864 4018 994 4084 Polonia
1014 4017 1113 4083 redux
1138 4012 1308 4101 pristinum
1329 4014 1445 4084 lidami
1463 4016 1572 4086 Keckii
1600 4018 1766 4101 hospitium
1789 4018 1915 4100 repetiit
1936 4017 2062 4098 ejusque
2084 4013 2348 4081 commendatione

609 4121 643 4186 in
663 4117 813 4184 semidam
833 4116 1140 4200 familiaritatemque
1160 4118 1198 4182 Ι).
1218 4117 1370 4184 doachimi
1392 4116 1561 4185 camerarii
1582 4114 1695 4183 Medici
1716 4108 1956 4199 Noribergeusis
1976 4116 2145 4180 insinuavit
2166 4132 2244 4179 sese.
2287 4114 2348 4179 Per

609 4219 692 4287 hune
706 4214 838 4285 Eresmo
852 4217 1055 4283 Neustettero
1070 4213 1194 4283 Deceno
1211 4211 1433 4300 ¹Combergensi
1450 4219 1609 4299 canonico,
1630 4214 1853 4299 Bambergensi
1871 4219 1905 4281 et
1915 4215 1944 4297 8)
1964 4212 2181 4296 Herbipolensi
2201 4209 2346 4296 innotuit,

607 4322 642 4387 in
662 4322 751 4404 cujus
772 4319 845 4385 aula
862 4317 1054 4399 Combergee
1076 4335 1173 4399 prope
1198 4316 1314 4383 Helam
1342 4316 1515 4384 Suevorum
1542 4315 1725 4400 aliquandiu
1756 4317 1853 4397 degit.
1904 4306 1937 4379 Is
1963 4314 2047 4378 ultro
2077 4318 2221 4394 sumptus
2249 4314 2278 4377 ei
2304 4306 2346 4379 ad

608 4420 890 4504 peregrinationem
910 4418 943 4483 in
960 4417 1100 4499 ltaliam,
1122 4410 1271 4499 Gelliam,
1291 4416 1535 4501 Hispaniamque
1555 4415 1731 4484 uberiorum
1752 4417 1785 4480 in
1804 4420 1874 4479 erte
1887 4408 2009 4479 Medica
2030 4422 2250 4494 progressuum
2270 4428 2346 4494 ergo

609 4513 867 4603 suscipiendam)
896 4510 1027 4598 obtulit,
1059 4534 1173 4598 eosque
1198 4518 1373 4600 gratuitos,
1405 4517 1487 4599 quod
1513 4514 1696 4584 beneficium
1725 4516 1786 4581 etsi
1812 4513 1973 4581 Pincierus
2002 4507 2087 4578 haud
2114 4518 2346 4594 aspernaretur,

607 4621 749 4702 accipere
769 4624 874 4684 tamen
895 4618 988 4682 certis
1008 4616 1048 4681 de
1070 4617 1189 4682 caussis
1209 4617 1366 4683 dubitavit
1385 4619 1545 4684 immemor
1565 4616 1649 4682 illius
1669 4615 1862 4680 Terentiani:
1891 4613 1957 4680 Aba
1979 4612 2086 4695 quovis
2106 4610 2246 4693 homine,
2275 4630 2344 4678 cum

705 4900 734 4965 1)
753 4896 856 4952 Multas
878 4894 1075 4965 disputationes
1096 4896 1245 4965 thesesqus
1269 4902 1297 4951 et
1319 4894 1461 4965 limburgi
1489 4902 1520 4951 et
1543 4900 1642 4965 postea
1667 4894 1797 4951 cassellis
1827 4892 1921 4951 edidit
1966 4892 2035 4947 Nam
2060 4897 2204 4961 postquam
2226 4906 2252 4947 a
2277 4893 2343 4946 1624

605 4982 805 5043 Dasmstadinis
822 4983 988 5052 provinciam
1011 4985 1039 5036 et
1060 4980 1237 5037 Academiam
1258 4982 1453 5052 occupantibus
1476 4980 1604 5037 dimissus
1628 4982 1711 5051 paulo
1735 4988 1799 5051 post
1821 4981 1850 5035 in
1871 4979 1988 5038 eeclesia
2009 4978 2201 5047 Felsbergensi
2223 4976 2342 5047 passum

605 5087 700 5128 munus
724 5075 895 5139 susceperat,
922 5084 946 5123 a.
966 5071 1032 5123 1634
1057 5067 1092 5123 ad
1110 5068 1285 5124 Academiam
1305 5068 1441 5124 Cassellas
1464 5067 1618 5124 merelatum
1640 5068 1740 5137 rediit,
1764 5068 1810 5123 ubi
1833 5067 1988 5136 theologias
2015 5072 2043 5120 et
2067 5064 2258 5133 philosophiae
2280 5071 2341 5132 pro·

604 5159 717 5215 tesseris
744 5170 868 5227 munere,
900 5155 1059 5224 interposito
1086 5154 1269 5225 quinquennio
1297 5156 1325 5210 in
1350 5156 1490 5227 gymnasio
1520 5154 1660 5211 Bremensi
1688 5161 1800 5226 exacto,
1831 5169 1916 5225 usqua
1946 5152 1980 5208 atl
2011 5153 2084 5207 vitae
2113 5151 2195 5206 linem
2224 5165 2249 5205 e.
2277 5151 2341 5205 1651

604 5247 712 5305 tuorem
736 5250 787 5300 est.

703 5332 733 5400 2)
751 5329 815 5385 Cod
834 5326 955 5384 oriendo.

702 5422 732 5486 3)
750 5417 842 5485 imago
860 5414 987 5471 Pincieri.

709 5505 740 5574 4)
758 5504 803 5560 Sic
820 5502 888 5573 bil,
907 5518 971 5573 non,
990 5499 1063 5570 qnod
1080 5500 1195 5556 forsitan
1212 5503 1411 5568 exspectaverit
1429 5501 1539 5572 aliquis,
1558 5499 1766 5569 europenses.
