5534 6984
1089 1039 1299 1123 Gregorius
1319 1039 1524 1107 Scbbnield

1255 1167 1359 1226 Senior.

556 1317 594 1384 ln
623 1315 738 1400 oppido
758 1315 867 1384 Zabna
889 1316 1016 1383 ditionis
1034 1313 1221 1383 Electoralis
1242 1317 1398 1386 &aoniae
1428 1325 1524 1386 ustus
1544 1337 1627 1385 anno
1649 1319 1787 1387 bfllLIll
1806 1326 1898 1404 putre
1925 1321 2063 1404 ejusdem
2084 1321 2178 1404 plane

432 1415 583 1498 nominis3
609 1423 643 1482 et
670 1415 837 1498 postmodo
866 1415 908 1482 ab
938 1433 997 1482 auo
1025 1421 1185 1498 materno,
1215 1418 1283 1484 uiro
1311 1419 1486 1500 praenobili
1505 1418 1658 1486 Micbable
1683 1420 1725 1485 ab
1752 1419 1933 1500 arnsdorf,
1961 1421 2177 1488 liberalissime

432 1515 583 1582 educatus
603 1521 661 1582 est.
703 1515 803 1598 Huius
825 1513 1100 1582 liliusJoachimus
1122 1535 1139 1582 e
1158 1515 1239 1582 bello
1255 1517 1407 1584 Suaecieo
1423 1523 1451 1600 ¹)
1469 1519 1504 1584 in
1521 1519 1660 1601 patrium
1679 1519 1789 1601 redux,
1808 1536 1903 1601 quurn
1920 1519 2003 1585 baud
2017 1521 2177 1602 uulgarem

432 1616 464 1679 in
482 1631 579 1696 puero
602 1615 745 1696 peritiam
765 1619 910 1680 cerneret
928 1615 1100 1698 equitandi,
1129 1615 1198 1680 lieri
1213 1616 1271 1681 sibi
1287 1615 1471 1682 facultatem
1490 1618 1572 1700 petit
1594 1635 1701 1684 ιιιιιιιι
1720 1619 1754 1684 in
1773 1617 2004 1701 expeditionem
2025 1619 2177 1686 Gallicam

432 1712 608 1779 abducendi
628 1712 732 1794 idum,
759 1712 842 1794 quod
863 1717 986 1795 minen,
1014 1732 1086 1780 eum
1112 1719 1205 1796 pater
1232 1714 1331 1780 lilium
1351 1715 1450 1796 hunc,
1477 1734 1570 1798 quesn
1591 1717 1731 1783 habebat
1749 1718 1888 1798 unicum,
1909 1716 2057 1799 diligeret
2076 1720 2177 1800 unice,

432 1811 501 1876 lieri
524 1811 662 1892 negabat
682 1811 736 1876 illa
765 1815 900 1893 paterna
921 1811 1024 1895 rogari.
1075 1813 1201 1880 Interea
1222 1813 1404 1881 Matthaeus
1423 1815 1608 1897 Dresserus,
1637 1816 1721 1881 Ludi
1749 1815 1986 1898 Septemviralis
2013 1815 2054 1880 ad
2083 1817 2177 1882 albia

432 1910 621 1991 infoderetur,
642 1909 795 1976 iicctoris
817 1910 940 1976 nomine
961 1929 982 1976 a
1000 1911 1119 1978 Senatu
1140 1912 1313 1998 Zshnensi,
1343 1915 1370 1980 si
1392 1931 1486 1996 quem
1507 1915 1647 1981 habeant
1667 1915 1779 1980 eximia
1807 1914 1911 1980 indole
1941 1933 2089 1997 puerum,
2117 1915 2177 1980 sibi

432 2007 516 2074 aditi
540 2007 640 2090 jubet.
691 2007 842 2074 adhibito
873 2009 971 2090 igilur
1001 2027 1041 2076 ex
1075 2013 1219 2078 omnibus
1248 2013 1366 2080 dilectu
1395 2015 1622 2098 Scboafcldiua
1649 2015 1805 2096 mittitur,
1837 2015 1891 2096 qui
1921 2032 1991 2079 cum
2018 2015 2177 2096 integrum

432 2109 611 2172 sexennium
637 2107 670 2172 in
699 2125 737 2174 eo
765 2107 842 2174 ludo
870 2107 1102 2176 desudantibus
1123 2109 1281 2176 ordinarie
1310 2113 1354 2178 sit
1379 2114 1618 2195 praestitutum,
1647 2131 1704 2178 eos
1731 2111 1807 2178 iecit
1825 2113 1890 2178 illie
1910 2131 2110 2195 progressus,
2140 2121 2178 2179 ut

431 2207 525 2272 etiarn
553 2211 666 2287 quarto
695 2211 857 2288 exemptus
878 2206 920 2273 ad
941 2207 1224 2290 Wittebergensem
1246 2211 1516 2278 transmitteretur
1535 2213 1753 2278 Academiam:
1781 2211 1836 2277 ubi
1863 2229 1927 2294 qua
1955 2217 2029 2277 erut
2059 2212 2176 2294 ingenii

431 2305 618 2386 capacitate,
637 2304 725 2370 breui
743 2311 882 2387 tempore
904 2307 1080 2374 uniuersam
1102 2308 1275 2374 liberalium
1297 2311 1416 2376 artium
1428 2311 1690 2394 Encyclopediam
1709 2315 1856 2376 accurate
1884 2310 2031 2390 edoctus,
2054 2309 2176 2393 publico

430 2410 561 2469 ornatur
582 2403 767 2470 eruditionis
788 2403 968 2470 testimonio
989 2405 1208 2487 etbfagisterii
1230 2408 1335 2490 titulo,
1356 2427 1420 2476 non
1440 2410 1540 2476 multo
1561 2415 1637 2491 post
1657 2414 1804 2492 receptus
1823 2427 1950 2492 quoque
1966 2409 2000 2474 in
2018 2407 2177 2490 publicum

431 2501 654 2584 Philosopbicis
677 2502 941 2586 disputationibus
954 2503 1201 2586 praesidentium
1215 2506 1388 2590 collegium.
1431 2509 1511 2574 Cum
1529 2509 1643 2590 rer02)
1665 2513 1793 2591 praeter
1814 2512 1939 2574 caetera
1959 2506 2176 2574 discendarum

431 2605 463 2668 S.
486 2603 651 2668 literarum
679 2606 770 2668 tanto
791 2601 941 2684 flagraret
962 2622 1084 2686 amore,
1115 2609 1150 2671 ut
1177 2605 1216 2671 iis
1244 2605 1466 2674 immoraretur
1488 2612 1591 2689 totae,
1617 2607 1650 2674 id
1671 2625 1766 2690 porro
1786 2606 1907 2672 laboris
1927 2606 2113 2672 assiduitate
2133 2613 2175 2686 et,

431 2721 491 2786 quo
519 2701 674 2784 pollebat,
710 2701 828 2784 ingenii
853 2703 961 2784 vigore
985 2704 1188 2786 consequitur
1222 2704 1373 2787 ampliuS,
1411 2713 1450 2772 ut
1476 2706 1632 2772 Electoris
1663 2705 1815 2772 Senoniae
1850 2704 2000 2770 mandato
2028 2709 2062 2769 et
2086 2705 2176 2787 jussu

431 2799 569 2883 supremi
590 2800 623 2866 in
643 2799 814 2882 Theologia
841 2799 975 2868 honores
997 2807 1031 2868 et
1051 2803 1187 2884 insignia
1214 2802 1276 2886 ipsi
1301 2805 1341 2870 ab
1367 2805 1496 2870 Urbano
1519 2805 1620 2871 Pierio
1642 2805 1674 2872 S.
1697 2803 1756 2869 Th.
1779 2803 1916 2870 Doctum
1936 2820 2019 2868 anno
2040 2801 2177 2870 MDXCI

431 2898 553 2965 solenni
574 2899 638 2964 ritu
657 2897 874 2966 conferrentur
900 2899 1006 2966 oblato
1034 2901 1170 2982 supremi
1202 2901 1234 2968 in
1256 2902 1396 2969 Ecclesia
1419 2903 1589 2970 Deliciensi
1614 2902 1752 2986 pastoris
1774 2903 1902 2984 iusuper
1922 2906 1956 2967 et
1973 2901 2177 2984 Superatteu·

431 2999 535 3064 clentis
555 2997 665 3067 officio.
707 2999 824 3066 Vemm
846 3003 989 3082 tempore
1009 3001 1153 3067 semestri
1173 3001 1225 3066 uix
1246 3001 1460 3068 intercedente
1482 3002 1695 3068 aCbristinno
1714 3001 1875 3068 Saxonum
1884 2999 2030 3066 Electore
2050 3001 2083 3066 in
2102 3000 2177 3066 aula

430 3097 603 3164 Drasdensi
624 3099 823 3164 concionator
850 3097 1029 3166 declaratur
1049 3105 1082 3166 et
1103 3100 1367 3184 superattendeus
1379 3102 1424 3184 ⁸),
1453 3099 1535 3183 quod
1563 3106 1596 3166 et
1614 3100 1739 3166 minime
1759 3100 1953 3165 diuturnum.
1994 3097 2073 3166 cum
2093 3100 2176 3165 enim

432 3196 608 3263 Christiano
629 3196 683 3263 illo
702 3195 848 3263 Electore
874 3216 893 3263 e
911 3199 990 3264 uiuis
1011 3197 1135 3265 salblato
1155 3199 1317 3282 religionis
1346 3205 1451 3266 status
1472 3199 1555 3265 illico
1576 3203 1770 3281 mutaretur,
1796 3197 2006 3280 Exoremus,
2025 3203 2176 3280 tanquam

432 3295 625 3362 necessarius
646 3295 679 3362 in
693 3296 952 3378 paedobaptismo
967 3297 1057 3380 ritus,
1079 3297 1119 3364 de
1132 3315 1212 3364 noro
1229 3299 1440 3380 inueheretur,
1460 3299 1557 3364 etiam
1575 3297 1747 3364 officiosae
1765 3295 1930 3362 abdicatur
1943 3296 2175 3382 Sclonseldiaa.

432 3395 492 3474 Qui
517 3413 587 3462 cum
629 3395 695 3461 suis
723 3394 955 3478 Wittebergam
989 3397 1201 3480 deproperans
1230 3397 1348 3462 familia
1375 3397 1440 3462 illic
1473 3396 1556 3462 domi
1585 3415 1664 3462 suae
1691 3395 1817 3478 relicta,
1846 3395 1934 3463 solua
1961 3396 2177 3462 Palatinatura

430 3495 587 3576 petiturus
612 3497 645 3560 in
669 3495 807 3562 transitu
828 3495 986 3562 Cassellas
1014 3495 1193 3578 divertitur,
1221 3495 1275 3560 nbi
1301 3513 1321 3560 a
1349 3495 1493 3577 praeside
1511 3495 1662 3561 Keudelio
1683 3500 1812 3578 praeter
1838 3513 1927 3576 spem
1952 3499 1985 3561 et
2004 3501 2115 3562 rosum
2135 3495 2176 3560 ad

431 3593 629 3660 ll’ilbelmum
645 3593 690 3658 ·P.
713 3593 838 3660 delatus
864 3595 896 3660 in
925 3594 999 3660 aula
1020 3595 1164 3662 contione
1185 3593 1293 3659 habita
1323 3595 1524 3660 concionator
1551 3613 1624 3660 mox
1653 3593 1855 3660 constituitur
1874 3593 2003 3660 subcus.
2043 3594 2175 3674 Exque

430 3699 570 3776 tempore
587 3697 655 3758 tam
674 3693 831 3774 gratimus
852 3693 956 3776 heroi,
986 3699 1023 3760 nt
1049 3711 1118 3760 curn
1144 3698 1319 3759 extremum
1341 3692 1369 3757 is
1398 3693 1485 3758 vitae
1512 3691 1680 3758 terminum
1707 3691 1959 3776 appropinquare
1985 3710 2025 3758 ex
2048 3692 2175 3758 minine

430 3793 569 3858 obscuris
589 3792 851 3874 praesentisceret
872 3791 1011 3875 indiciis,
1033 3791 1116 3859 laune
1142 3807 1234 3859 suum
1259 3791 1328 3857 ilico
1349 3791 1467 3858 accersi
1483 3791 1612 3874 iuberet
1633 3792 1884 3876 Seboajeldiam,
1906 3796 1939 3857 et
1960 3792 1994 3858 in
2014 3791 2176 3874 complexu

431 3893 499 3974 ojus
519 3891 601 3956 inter
623 3890 772 3957 ardentes
792 3909 898 3974 preces
920 3897 953 3957 et
973 3891 1089 3974 dulces,
1110 3891 1223 3974 quibus
1245 3909 1278 3957 se
1298 3891 1449 3973 erigebat,
1469 3889 1701 3957 consolationes
1716 3890 1877 3972 expiraret
1889 3889 2021 3974 placide.
2064 3889 2175 3974 Neque

431 4009 500 4057 eum
521 3989 642 4056 minore
663 3989 844 4056 elementiae
865 3989 986 4072 fauore,
1012 4008 1106 4073 quem
1127 4007 1147 4055 a
1175 4007 1333 4073 nunquam
1356 3990 1435 4055 satis
1458 3986 1589 4054 mndata
1611 3989 1715 4056 Herae
1735 4007 1773 4054 ac
1793 3994 1885 4072 patre
1904 3989 1994 4055 unice
2020 4007 2176 4057 commen-

431 4091 539 4158 datum
560 4089 621 4156 sibi
642 4095 744 4172 norat,
766 4089 1028 4172 complectebatur
1047 4095 1157 4172 postea
1169 4089 1320 4172 Princeps
1331 4087 1508 4154 Mauritius.
1551 4087 1672 4170 Quippe
1693 4087 1748 4168 qui
1768 4105 1831 4152 non
1852 4091 1977 4152 matum
1997 4089 2174 4154 communis

432 4188 548 4272 sinodi
568 4189 718 4271 suffragia
744 4193 778 4254 el
801 4195 891 4270 vota,
920 4187 1031 4270 quibus
1060 4187 1403 4271 lsSupperattendens
1425 4185 1553 4252 Cassell.
1584 4185 1777 4268 eligebatur,
1809 4185 2015 4252 confirmabat
2041 4193 2075 4252 et
2103 4193 2176 4252 rata

428 4289 573 4372 jubebat3
593 4289 648 4370 sed
660 4287 800 4370 Collegm
814 4287 988 4369 Adelphieo
1002 4285 1193 4352 Mauritiano
1214 4285 1415 4352 laudabiliter
1424 4286 1455 4368 ⁴)
1474 4291 1595 4368 aperto,
1614 4285 1804 4366 Theologine
1817 4283 2025 4367 professorem
2041 4283 2175 4350 eundern

432 4387 618 4469 designabat
646 4387 796 4470 amplius,
825 4391 859 4452 et
884 4404 978 4469 porro
1006 4386 1130 4452 biennio
1157 4389 1245 4468 post,
1278 4384 1415 4467 probata
1442 4383 1536 4450 modo
1562 4383 1621 4449 uiri
1649 4383 1806 4448 industria
1833 4401 1872 4450 ac
1896 4382 1974 4464 lide,
2002 4388 2052 4464 et,
2079 4401 2175 4464 quam

432 4486 615 4552 Academiae
638 4487 705 4569 jam
733 4503 850 4552 annum
881 4485 1015 4568 amplius
1043 4485 1199 4566 integrum
1228 4501 1246 4549 e
1275 4481 1428 4548 cathedra
1456 4481 1580 4566 publice
1608 4481 1747 4548 docendo
1773 4484 1895 4564 pariter
1920 4499 1958 4547 ac
1984 4481 2173 4564 disputando

431 4585 652 4668 praestitisset,
672 4587 820 4668 opera³),
847 4583 1015 4667 primarius
1035 4583 1225 4666 'lheologiae
1253 4581 1412 4664 professor
1435 4587 1466 4648 et
1488 4581 1694 4648 Ecclesiastes
1719 4599 1739 4646 a
1760 4579 1907 4648 Mauritio
1929 4579 2070 4662 Principe
2090 4597 2173 4646 annu

536 4830 565 4899 1)
583 4829 627 4885 Sic
646 4827 713 4899 cod,
733 4829 828 4886 Tilem.
849 4829 991 4885 Suomico.

534 4919 564 4982 2)
581 4914 674 4984 Imago
693 4915 868 4971 Scbdnieldii.

535 5001 565 5069 d)
585 5001 650 5056 eod.
667 5001 888 5072 superstructione.

533 5087 565 5155 l)
580 5085 645 5142 cod.
665 5087 840 5142 laudabiliter.

535 5176 565 5240 b)
584 5172 651 5232 Cum
674 5172 717 5227 luis
742 5187 796 5227 non
814 5172 921 5228 omniuo
947 5173 1118 5227 consentiunt
1141 5185 1211 5240 quae
1229 5171 1350 5228 Strieder
1367 5171 1449 5240 Xlll,
1472 5187 1499 5240 p.
1525 5176 1575 5228 172
1604 5189 1645 5244 sq.
1665 5173 1761 5244 babet,
1786 5175 1840 5228 iarn
1861 5187 1885 5227 a
1901 5169 2008 5237 Mille,
2028 5175 2174 5238 antequam

431 5257 685 5328 superliniendentis
708 5273 804 5312 munus
822 5259 977 5328 sustineret,
994 5257 1214 5313 Schoenfeldium
1230 5257 1413 5327 professorem
1434 5259 1463 5313 in
1481 5259 1603 5328 collegio
1620 5259 1786 5315 Manritleno
1810 5259 1975 5313 nominatum
2000 5271 2120 5322 namna,
2145 5262 2174 5310 st

432 5343 555 5399 ltomrnel
578 5345 675 5399 Gescb.
701 5361 726 5398 s.
749 5343 856 5399 ilessen
880 5343 927 5399 l'l.
945 5359 972 5412 p.
991 5343 1042 5398 aba
1061 5357 1123 5398 eum
1145 5349 1208 5397 ante
1231 5359 1256 5399 a
1276 5342 1412 5400 MDOl'li
1434 5343 1575 5414 blarburgi
1599 5344 1707 5414 degisse
1729 5358 1839 5413 negans.
1885 5342 1941 5397 Sed
1970 5350 2077 5412 partem
2099 5347 2173 5396 certe

432 5445 525 5484 eorsum
549 5443 619 5498 quaa
643 5429 753 5498 scripsit
769 5428 823 5486 Dil.
851 5445 885 5484 ex
908 5430 969 5499 ipso
992 5429 1064 5486 Albo
1081 5428 1167 5485 arad.
1193 5427 1280 5484 biarb.
1305 5431 1411 5499 sumsit,
1435 5431 1482 5485 ubi
1513 5431 1548 5486 ad
1571 5447 1595 5486 a
1618 5430 1752 5486 deCl'll
1773 5431 1842 5484 baec
1866 5435 1983 5484 emtam:
2013 5427 2125 5482 l'olesste
2147 5433 2174 5480 et

431 5515 572 5572 clementer
601 5515 755 5572 decernente
772 5516 878 5572 illustr.
903 5522 997 5572 metro
1017 5517 1149 5585 Principe
1168 5515 1263 5572 Rerer.
1287 5520 1312 5572 sl
1332 5515 1445 5572 (lorias.
1468 5515 1524 5572 Da.
1544 5517 1697 5587 Gregorius
1715 5513 1863 5586 &derfeld
1881 5514 1928 5571 SS.
1953 5513 2117 5584 fbeslogise
2136 5511 2173 5564 1).

1964 5615 2007 5678 θ.
