5534 6984
1206 1002 1450 1069 Theobeldus
1479 1002 1720 1089 Gerlacius¹)

1388 1126 1546 1182 Billicanns.

692 1270 879 1337 Billicanum
895 1269 960 1352 Jam
981 1287 1086 1337 senem
1109 1288 1179 1335 cum
1199 1269 1333 1352 conjuge
1355 1269 1529 1350 Nordlinga
1556 1269 1596 1334 ad
1617 1288 1673 1335 nos
1695 1274 1886 1355 transmisit,
1908 1278 2065 1338 oratorem
2086 1273 2254 1355 insignem,
2282 1274 2335 1356 qui

595 1372 750 1437 inlocum
771 1369 953 1436 Hadamarii
976 1369 1122 1435 Rhetoris
1145 1370 1227 1434 circa
1249 1388 1366 1435 annum
1387 1368 1585 1449 MDXLVII,
1609 1387 1704 1450 quum
1722 1371 1801 1452 juris
1823 1372 1939 1453 publici
1961 1379 1995 1438 et
2016 1373 2131 1455 privati
2153 1372 2231 1437 bene
2252 1378 2337 1439 esset

594 1472 732 1554 peritus,
762 1471 949 1536 aFerrario
978 1471 1009 1534 in
1041 1474 1177 1551 utroque
1206 1470 1278 1551 jure
1306 1468 1448 1533 lauream
1483 1469 1618 1550 accepit,
1653 1473 1857 1554 proximoque
1884 1478 1959 1555 post
1984 1490 2068 1538 anno
2097 1490 2276 1555 supremum
2304 1474 2337 1537 in

595 1572 714 1653 Repub.
733 1570 918 1637 Academica
947 1574 981 1634 et
1009 1586 1091 1634 anno
1112 1568 1279 1632 MDXLIX
1304 1567 1425 1632 Decani
1451 1585 1573 1633 munus,
1622 1568 1702 1634 Hinc
1729 1588 1810 1636 anno
1836 1572 1906 1654 DL,
1936 1590 2033 1653 quum
2062 1572 2227 1653 Rodingus
2255 1572 2335 1636 scito

595 1671 719 1753 publico
750 1669 791 1734 ad
820 1669 1019 1735 Rhetoricam
1056 1667 1230 1733 docendam
1261 1685 1294 1732 se
1327 1665 1480 1747 dedisset,
1519 1666 1670 1733 Billisano
1705 1671 1960 1751 explicandarum
1991 1671 2192 1736 historiarum
2225 1676 2335 1753 partes

595 1771 719 1837 delatae
747 1774 832 1835 sunt.
879 1770 1002 1849 Scripta
1033 1768 1131 1850 ipsius
1160 1766 1309 1848 leguntur
1327 1767 1490 1848 Apologia
1517 1767 1562 1831 acl
1583 1766 1741 1835 Joauaom
1762 1770 1943 1851 Stoplcraru
1963 1770 2231 1837 Brurrsviceusem
2252 1770 2334 1837 Cau·

595 1871 775 1937 cellarium:
796 1870 943 1935 Libellus
957 1869 996 1934 de
1013 1867 1119 1934 (laeua
1130 1866 1318 1933 Dominica:
1340 1866 1487 1947 Epitorue
1499 1864 1699 1933 Dialecticac
1714 1876 1744 1935 et
1756 1871 1791 1933 iu
1807 1870 1906 1935 libros
1923 1870 2110 1937 Aristotelis
2124 1870 2334 1954 Physicorum

595 1978 625 2037 et
646 1971 868 2037 Meteororum.
909 1969 946 2034 In
967 1968 1187 2033 Professorum
1208 1965 1347 2032 Elencho
1370 1963 1431 2029 hoc
1452 1965 1552 2045 elogio
1571 1972 1701 2031 ornatur
1722 1986 1741 2032 a
1761 1968 1900 2051 Nigidio:

1078 2066 1239 2121 Palladiam
1257 2064 1352 2120 docuit
1367 2064 1548 2133 Bilicauus¹l
1565 2065 1612 2119 illc
1625 2066 1778 2136 juventam,

1111 2151 1298 2220 Faarudoquc
1312 2166 1396 2205 senex
1407 2150 1555 2220 praeditos
1570 2168 1617 2206 ors
1631 2152 1700 2220 suit.

1075 2239 1130 2295 Illo
1149 2239 1345 2307 Professorum
1361 2252 1418 2292 riou
1435 2237 1530 2305 infima
1542 2239 1625 2308 sama
1640 2245 1778 2309 superstes

1112 2324 1241 2379 Fortuna
1257 2323 1358 2394 dipsas
1369 2324 1549 2393 prosperiora
1563 2324 1632 2392 fuit.

1076 2412 1160 2466 Hauc
1177 2409 1336 2480 Norclliuqa
1354 2408 1431 2463 dedit
1450 2416 1528 2465 casta
1545 2427 1606 2465 cum
1624 2411 1737 2480 conjuge
1754 2411 1832 2465 uobis

1111 2498 1235 2552 Rbctora
1250 2502 1452 2566 praestantem,
1469 2497 1645 2566 amicitiisque
1659 2514 1777 2567 manem.

1078 2582 1184 2638 Salusti
1201 2583 1336 2651 explicuit
1352 2582 1430 2636 docte
1448 2588 1474 2636 ct
1486 2582 1609 2650 feliciter
1628 2583 1723 2637 ambas

1113 2670 1270 2735 Historias,
1287 2668 1357 2723 clari
1373 2670 1480 2738 scripta
1497 2676 1612 2724 venusta
1628 2671 1684 2723 oiri
1693 2671 1724 2739 ι).

1078 2755 1147 2811 Iuda
1166 2756 1248 2809 etiam
1266 2754 1388 2824 duplicis
1405 2756 1531 2823 coartavit
1546 2761 1697 2825 pragmata
1708 2756 1785 2823 luris

1112 2843 1148 2897 Ia
1166 2842 1264 2909 quavis
1281 2856 1381 2895 caussa
1400 2842 1519 2897 Roscius
1536 2842 1583 2896 illa
1597 2842 1665 2910 suit

1082 2926 1200 2982 famem
1216 2932 1372 2996 canapium
1389 2928 1490 2982 morbis
1508 2934 1597 2982 aelate
1614 2928 1694 2983 senili

1114 3012 1168 3068 Ocu
1186 3013 1380 3081 somatopoeia
1397 3028 1471 3067 mors
1488 3014 1605 3082 inopina
1623 3014 1687 3068 tulit

597 3129 679 3175 anno
701 3105 836 3174 MDLIV
858 3102 982 3171 Sextilis
1003 3101 1115 3183 IIX.⁴)
1143 3100 1281 3182 corporis
1304 3099 1446 3164 mortalis
1469 3101 1587 3165 exuviis
1609 3106 1711 3165 terrae
1732 3100 1765 3165 in
1786 3099 1824 3165 D.
1846 3098 2049 3171 Ebzabethae
2072 3105 2150 3173 aede
2169 3108 2336 3175 mandatis.

1296 3378 1483 3446 Antonius
1508 3380 1635 3463 Niger.

693 3540 796 3623 HuJus
817 3536 1010 3603 Vratislaria
1031 3534 1212 3601 Silesiorum
1233 3534 1356 3600 oriundi
1375 3537 1549 3619 ingenium,
1577 3556 1673 3619 quum
1694 3537 1863 3604 Erfurdiee
1888 3556 2014 3621 operam
2043 3545 2189 3620 navaret,
2222 3542 2337 3608 artium

597 3640 770 3707 liberalium
793 3638 914 3719 studiis,
937 3654 1002 3702 non
1024 3635 1118 3700 aliter
1138 3640 1234 3717 atque
1255 3634 1387 3701 Phidiae
1407 3637 1529 3717 signum
1551 3637 1643 3703 simul
1663 3644 1823 3719 aspectum
1845 3644 1877 3703 et
1898 3638 2064 3720 probatum
2087 3645 2136 3703 est
2157 3641 2337 3707 clarissimis

596 3743 673 3806 viris
694 3738 815 3818 Cordo,
835 3736 984 3817 Bolano,
1005 3734 1217 3815 blegabacoho
1237 3742 1269 3800 et
1290 3735 1478 3818 Nordeco³).
1519 3737 1656 3818 ideoque
1677 3737 1739 3803 illis
1761 3740 1927 3819 praecipue
1946 3738 2129 3807 authoribus
2153 3758 2187 3804 se
2208 3741 2338 3807 contulit

596 3837 860 3920 Marpurgumr),
905 3835 959 3901 ubi
986 3852 1093 3899 rerum
1122 3834 1312 3901 naturalium
1345 3853 1471 3901 caussas
1500 3836 1667 3902 edisseruit
1695 3836 1819 3917 publice
1847 3838 1984 3918 primus,
2029 3837 2220 3921 Graecisque
2246 3840 2338 3907 simul

597 3939 739 4005 eruditus
762 3934 911 4001 doctrinis
932 3934 1060 3999 easdem
1082 3933 1189 3999 docuit
1209 3952 1304 4015 porro
1323 3935 1442 4000 multae
1464 3936 1638 4001 industriae
1658 3936 1825 4018 magnique
1846 3936 1963 4002 laboris
1977 3936 2078 4017 homo,
2099 3938 2154 4018 qui
2171 3944 2338 4019 propterea

596 4038 723 4120 elegans
752 4052 876 4117 quoque
903 4052 1029 4099 carmen
1056 4051 1193 4115 pangere
1223 4034 1385 4100 didicisset
1421 4040 1455 4101 et
1481 4036 1608 4117 majoris
1641 4036 1759 4115 gloriae
1788 4036 1959 4118 cupiditate
1987 4036 2028 4100 ad
2056 4040 2158 4100 artem
2184 4038 2338 4102 medicam

598 4139 777 4205 abstractus
798 4136 831 4200 in
852 4134 910 4201 hac
926 4133 1092 4216 praecipue
1111 4133 1273 4215 disciplina
1294 4137 1463 4216 separatim
1483 4135 1646 4200 elaborare
1666 4139 1802 4216 cuperet.
1846 4134 2053 4213 Quamobrem
2074 4139 2111 4201 ut
2131 4154 2236 4201 rerum
2259 4136 2339 4202 hanc

598 4238 639 4305 ad
660 4243 761 4302 artem
779 4234 988 4316 spectantium
1010 4252 1103 4300 usum
1124 4234 1286 4315 colligeret
1312 4235 1467 4317 aliquem,
1498 4253 1580 4299 anno
1600 4233 1800 4300 MDXXXVI
1820 4234 2001 4316 Patavirun,
2031 4234 2115 4316 quod
2135 4234 2277 4315 inprimis
2299 4236 2338 4302 ob

597 4334 778 4419 Apollineas
799 4333 894 4399 hasce
916 4340 1004 4399 artes
1027 4333 1151 4399 celebre
1175 4353 1296 4415 semper
1316 4333 1332 4398 f
1352 4334 1394 4417 't,
1422 4334 1605 4416 consedere,
1633 4334 1760 4415 illicque
1788 4333 2010 4398 exercitatione
2039 4351 2153 4399 acuere
2180 4335 2338 4415 ingenium

597 4455 660 4503 non
681 4440 730 4501 est
750 4433 886 4515 ueritus,
916 4434 976 4498 etsi
993 4433 1199 4514 provectioris
1216 4434 1282 4514 Jam
1304 4438 1388 4498 esset
1409 4434 1524 4498 aetatis
1546 4438 1579 4498 et
1599 4432 1730 4499 docendi
1751 4450 1862 4498 munus
1881 4434 1947 4514 jam
1970 4437 2045 4498 ante
2066 4433 2099 4497 in
2119 4432 2339 4516 Marpurgensi

598 4534 765 4601 Academia
783 4550 852 4597 cum
872 4532 965 4599 laude
988 4533 1200 4598 sustinuisset.
1242 4532 1307 4597 Nec
1330 4538 1462 4598 eventus
1484 4532 1568 4598 hisce
1588 4532 1779 4597 consiliis'et
1800 4532 1911 4596 studiis
1936 4531 2042 4598 deluit.
2086 4532 2167 4598 Nam
2195 4534 2228 4599 id
2256 4534 2338 4617 quod

698 4757 725 4823 1)
745 4754 919 4810 Gerlaclsium
939 4753 993 4806 Dil.
1017 4752 1084 4807 dicit
1114 4753 1142 4807 in
1165 4753 1310 4808 Rectorum
1339 4753 1474 4823 catalogo,
1507 4769 1561 4822 qno
1588 4768 1698 4808 munere
1727 4760 1838 4808 ornatus
1868 4767 1892 4805 a
1919 4753 1985 4806 1548
2017 4752 2075 4820 ipse
2103 4756 2172 4823 juris
2198 4756 2338 4824 utriusque

598 4842 792 4911 protessorem,
826 4839 933 4894 dicendi
956 4841 1114 4907 magistrum
1139 4840 1209 4895 Albo
1234 4856 1264 4894 se
1290 4840 1437 4908 inscripsit
1473 4840 1562 4908 Saepe
1580 4840 1638 4894 solo
1667 4841 1756 4907 patrio
1783 4838 1892 4892 nominc
1910 4836 2060 4891 Billicanns
2079 4840 2247 4909 appellatur,
2271 4843 2339 4897 sicut

598 4926 787 4981 Hadamarius.
827 4926 911 4980 Plura
934 4924 968 4980 de
993 4927 1045 4981 hoc
1071 4926 1128 4980 viro
1148 4927 1220 4980 inter
1244 4926 1381 4981 doctrinae
1405 4927 1577 4994 evangelicae
1601 4931 1796 4994 propagatores
1822 4924 1895 4978 haud
1920 4922 2048 4978 mediocri
2072 4926 2246 4992 reperiuntur
2266 4925 2338 4994 apud

599 5013 764 5068 Striedemm
777 5012 825 5080 IV,
844 5029 870 5080 p.
884 5014 935 5065 369
954 5018 982 5065 et
993 5011 1065 5067 Add.
1079 5012 1111 5082 X,
1130 5030 1157 5081 p.
1169 5014 1219 5067 383
1237 5029 1302 5082 sqq,
1319 5012 1577 5082 quiSchoepperlini
1593 5012 1793 5079 prolationibus
1807 5011 1932 5066 scholast.
1954 5009 2058 5065 duabus
2069 5010 2103 5066 de
2122 5013 2177 5066 rita
2187 5012 2338 5067 Tbeobaldi

599 5098 923 5156 Bilicani.Nordl.17t37.
942 5101 983 5152 68.
1003 5102 1028 5152 4.
1047 5114 1112 5152 usus
1127 5105 1176 5152 est

696 5186 726 5255 2)
743 5184 869 5254 Nigidius
886 5186 1031 5239 Bilicauas
1049 5192 1075 5238 ct
1092 5186 1146 5238 illc.
1221 5184 1249 5248 3)
1267 5183 1357 5237 Locus
1371 5183 1505 5251 imaginis.

697 5273 728 5342 4)
745 5272 872 5341 Nigidius
888 5288 949 5325 enm
967 5271 1067 5325 obiisse
1082 5270 1147 5324 dicit
1163 5285 1236 5323 noua
1254 5267 1370 5335 Augusti
1385 5268 1437 5323 die.

699 5361 728 5427 b)
746 5358 866 5413 loannes
885 5356 1027 5412 Nordecus
1046 5356 1175 5424 Philippo
1193 5354 1313 5422 Principi
1332 5370 1348 5408 a
1365 5353 1477 5408 secretis
1496 5358 1523 5407 et
1539 5352 1660 5408 consiliis
1677 5353 1734 5407 init.

700 5448 729 5513 a)
748 5443 866 5500 Pistorio
883 5449 994 5499 auctore
1012 5444 1076 5498 circ.
1096 5458 1120 5497 a.
1142 5445 1223 5506 1532;
1242 5440 1314 5495 Albo
1333 5441 1478 5511 inscriptus
1496 5447 1538 5495 est
1555 5454 1579 5494 a.
1601 5440 1674 5494 1533.
