<?xml version="1.0" encoding="UTF-8"?>
<!DOCTYPE html PUBLIC "-//W3C//DTD XHTML 1.0 Transitional//EN"
    "http://www.w3.org/TR/xhtml1/DTD/xhtml1-transitional.dtd">
<html xmlns="http://www.w3.org/1999/xhtml" xml:lang="en" lang="en">
 <head>
  <title>
</title>
<meta http-equiv="Content-Type" content="text/html;charset=utf-8" />
  <meta name='ocr-system' content='tesseract 3.04.00' />
  <meta name='ocr-capabilities' content='ocr_page ocr_carea ocr_par ocr_line ocrx_word'/>
</head>
<body>
  <div class='ocr_page' id='page_1' title='image "./urbsetacademiam02caesgoog_0019.png"; bbox 0 0 5534 6984; ppageno 0'>
   <div class='ocr_carea' id='block_1_1' title="bbox 2124 861 2167 930">
    <p class='ocr_par' dir='ltr' id='par_1_1' title="bbox 2124 861 2167 930">
     <span class='ocr_line' id='line_1_1' title="bbox 2124 861 2167 930; baseline 0.023 -1"><span class='ocrx_word' id='word_1_1' title='bbox 2124 861 2167 930; x_wconf 83' lang='lat'><strong>15</strong></span> 
     </span>
    </p>
   </div>
   <div class='ocr_carea' id='block_1_2' title="bbox 430 1047 2171 1432">
    <p class='ocr_par' dir='ltr' id='par_1_2' title="bbox 430 1047 2171 1333">
     <span class='ocr_line' id='line_1_2' title="bbox 432 1047 2169 1132; baseline -0.003 -13"><span class='ocrx_word' id='word_1_2' title='bbox 432 1057 564 1120; x_wconf 75' lang='lat' dir='ltr'><strong>mature</strong></span> <span class='ocrx_word' id='word_1_3' title='bbox 608 1050 770 1132; x_wconf 84' lang='lat' dir='ltr'><strong>Quantum</strong></span> <span class='ocrx_word' id='word_1_4' title='bbox 792 1065 866 1115; x_wconf 90' lang='lat' dir='ltr'><strong>vero</strong></span> <span class='ocrx_word' id='word_1_5' title='bbox 894 1053 1007 1131; x_wconf 91' lang='lat' dir='ltr'><strong>postea</strong></span> <span class='ocrx_word' id='word_1_6' title='bbox 1034 1047 1199 1114; x_wconf 69' lang='lat' dir='ltr'>recentiori</span> <span class='ocrx_word' id='word_1_7' title='bbox 1220 1051 1254 1114; x_wconf 92' lang='lat' dir='ltr'><strong>et</strong></span> <span class='ocrx_word' id='word_1_8' title='bbox 1273 1049 1498 1130; x_wconf 78' lang='lat' dir='ltr'><strong>propemodum</strong></span> <span class='ocrx_word' id='word_1_9' title='bbox 1517 1048 1576 1114; x_wconf 89' lang='lat' dir='ltr'><strong>bac</strong></span> <span class='ocrx_word' id='word_1_10' title='bbox 1603 1051 1710 1116; x_wconf 88' lang='lat' dir='ltr'><strong>aetate</strong></span> <span class='ocrx_word' id='word_1_11' title='bbox 1729 1051 1841 1114; x_wconf 87' lang='lat' dir='ltr'><strong>nostra</strong></span> <span class='ocrx_word' id='word_1_12' title='bbox 1860 1065 1977 1132; x_wconf 79' lang='lat' dir='ltr'><strong>operae</strong></span> <span class='ocrx_word' id='word_1_13' title='bbox 1996 1065 2169 1116; x_wconf 85' lang='lat' dir='ltr'><strong>accommo</strong></span> 
     </span>
     <span class='ocr_line' id='line_1_3' title="bbox 430 1147 2170 1232; baseline -0.002 -14"><span class='ocrx_word' id='word_1_14' title='bbox 430 1151 538 1218; x_wconf 90' lang='lat' dir='ltr'><strong>darint</strong></span> <span class='ocrx_word' id='word_1_15' title='bbox 567 1155 601 1218; x_wconf 91' lang='lat' dir='ltr'><strong>et</strong></span> <span class='ocrx_word' id='word_1_16' title='bbox 627 1151 802 1218; x_wconf 83' lang='lat' dir='ltr'><strong>industriae</strong></span> <span class='ocrx_word' id='word_1_17' title='bbox 827 1147 868 1214; x_wconf 91' lang='lat' dir='ltr'><strong>ad</strong></span> <span class='ocrx_word' id='word_1_18' title='bbox 887 1147 1085 1214; x_wconf 78' lang='lat' dir='ltr'><strong>Academiam</strong></span> <span class='ocrx_word' id='word_1_19' title='bbox 1114 1147 1195 1212; x_wconf 91' lang='lat' dir='ltr'><strong>hanc</strong></span> <span class='ocrx_word' id='word_1_20' title='bbox 1221 1147 1433 1212; x_wconf 87' lang='lat' dir='ltr'><strong>exornandam</strong></span> <span class='ocrx_word' id='word_1_21' title='bbox 1459 1147 1544 1214; x_wconf 89' lang='lat' dir='ltr'><strong>inter</strong></span> <span class='ocrx_word' id='word_1_22' title='bbox 1566 1148 1647 1231; x_wconf 74' lang='lat' dir='ltr'><strong>iuris</strong></span> <span class='ocrx_word' id='word_1_23' title='bbox 1675 1147 1801 1230; x_wconf 90' lang='lat' dir='ltr'><strong>quidem</strong></span> <span class='ocrx_word' id='word_1_24' title='bbox 1821 1148 1975 1214; x_wconf 89' lang='lat' dir='ltr'><strong>Doctores</strong></span> <span class='ocrx_word' id='word_1_25' title='bbox 2007 1149 2170 1232; x_wconf 81' lang='lat' dir='ltr'><strong>Regnerm</strong></span> 
     </span>
     <span class='ocr_line' id='line_1_4' title="bbox 431 1245 2171 1333; baseline -0.002 -15"><span class='ocrx_word' id='word_1_26' title='bbox 431 1250 587 1333; x_wconf 83' lang='lat' dir='ltr'><strong>Sirtinus,</strong></span> <span class='ocrx_word' id='word_1_27' title='bbox 615 1249 762 1316; x_wconf 88' lang='lat' dir='ltr'><strong>Nicolaus</strong></span> <span class='ocrx_word' id='word_1_28' title='bbox 782 1247 938 1329; x_wconf 82' lang='lat' dir='ltr'><strong>Vigelius,</strong></span> <span class='ocrx_word' id='word_1_29' title='bbox 967 1247 1167 1314; x_wconf 88' lang='lat' dir='ltr'><strong>Hermannus</strong></span> <span class='ocrx_word' id='word_1_30' title='bbox 1186 1245 1332 1329; x_wconf 84' lang='lat' dir='ltr'><strong>Vrdtcjns</strong></span> <span class='ocrx_word' id='word_1_31' title='bbox 1361 1250 1396 1312; x_wconf 90' lang='lat' dir='ltr'><strong>et</strong></span> <span class='ocrx_word' id='word_1_32' title='bbox 1421 1245 1561 1314; x_wconf 89' lang='lat' dir='ltr'><strong>Joannes</strong></span> <span class='ocrx_word' id='word_1_33' title='bbox 1582 1246 1766 1330; x_wconf 85' lang='lat' dir='ltr'><strong>Goddaeus,</strong></span> <span class='ocrx_word' id='word_1_34' title='bbox 1796 1247 2034 1331; x_wconf 88' lang='lat' dir='ltr'><strong>ePhilosophis</strong></span> <span class='ocrx_word' id='word_1_35' title='bbox 2063 1254 2171 1315; x_wconf 89' lang='lat' dir='ltr'><strong>autem</strong></span> 
     </span>
    </p>

    <p class='ocr_par' dir='ltr' id='par_1_3' title="bbox 431 1344 2168 1432">
     <span class='ocr_line' id='line_1_5' title="bbox 431 1344 2168 1432; baseline -0.001 -16"><span class='ocrx_word' id='word_1_36' title='bbox 431 1349 619 1416; x_wconf 79' lang='lat' dir='ltr'><strong>Germaniae</strong></span> <span class='ocrx_word' id='word_1_37' title='bbox 631 1347 889 1432; x_wconf 85' lang='lat' dir='ltr'><strong>Philosophorum</strong></span> <span class='ocrx_word' id='word_1_38' title='bbox 909 1344 1094 1428; x_wconf 86' lang='lat' dir='ltr'><strong>coriphaeus</strong></span> <span class='ocrx_word' id='word_1_39' title='bbox 1108 1344 1291 1430; x_wconf 78' lang='lat' dir='ltr'><strong>liudolphus</strong></span> <span class='ocrx_word' id='word_1_40' title='bbox 1306 1345 1482 1428; x_wconf 85' lang='lat' dir='ltr'><strong>Goclenius,</strong></span> <span class='ocrx_word' id='word_1_41' title='bbox 1501 1347 1562 1412; x_wconf 91' lang='lat' dir='ltr'><strong>toti</strong></span> <span class='ocrx_word' id='word_1_42' title='bbox 1574 1345 1722 1429; x_wconf 83' lang='lat' dir='ltr'><strong>Europae</strong></span> <span class='ocrx_word' id='word_1_43' title='bbox 1742 1348 1880 1413; x_wconf 91' lang='lat' dir='ltr'><strong>innotuit</strong></span> <span class='ocrx_word' id='word_1_44' title='bbox 1889 1348 2056 1430; x_wconf 77' lang='lat' dir='ltr'><strong>plusquam</strong></span> <span class='ocrx_word' id='word_1_45' title='bbox 2077 1349 2168 1416; x_wconf 84' lang='lat' dir='ltr'><strong>satis.</strong></span> 
     </span>
    </p>
   </div>
   <div class='ocr_carea' id='block_1_3' title="bbox 425 1443 2173 4618">
    <p class='ocr_par' dir='ltr' id='par_1_4' title="bbox 425 1443 2173 3222">
     <span class='ocr_line' id='line_1_6' title="bbox 552 1443 2172 1528; baseline 0.001 -14"><span class='ocrx_word' id='word_1_46' title='bbox 552 1449 671 1514; x_wconf 90' lang='lat' dir='ltr'><strong>llornm</strong></span> <span class='ocrx_word' id='word_1_47' title='bbox 694 1445 832 1512; x_wconf 90' lang='lat' dir='ltr'><strong>omnium</strong></span> <span class='ocrx_word' id='word_1_48' title='bbox 853 1462 949 1528; x_wconf 88' lang='lat' dir='ltr'><strong>opera</strong></span> <span class='ocrx_word' id='word_1_49' title='bbox 970 1449 1004 1512; x_wconf 89' lang='lat' dir='ltr'><strong>et</strong></span> <span class='ocrx_word' id='word_1_50' title='bbox 1025 1443 1130 1511; x_wconf 91' lang='lat' dir='ltr'><strong>studio</strong></span> <span class='ocrx_word' id='word_1_51' title='bbox 1152 1443 1311 1528; x_wconf 82' lang='lat' dir='ltr'><strong>effectum,</strong></span> <span class='ocrx_word' id='word_1_52' title='bbox 1341 1451 1378 1511; x_wconf 92' lang='lat' dir='ltr'><strong>ut</strong></span> <span class='ocrx_word' id='word_1_53' title='bbox 1406 1446 1662 1512; x_wconf 88' lang='lat' dir='ltr'><strong>numerosissima</strong></span> <span class='ocrx_word' id='word_1_54' title='bbox 1685 1464 1810 1528; x_wconf 87' lang='lat' dir='ltr'><strong>semper</strong></span> <span class='ocrx_word' id='word_1_55' title='bbox 1839 1445 2048 1514; x_wconf 88' lang='lat' dir='ltr'><strong>studiosorum</strong></span> <span class='ocrx_word' id='word_1_56' title='bbox 2075 1447 2172 1515; x_wconf 87' lang='lat' dir='ltr'><strong>turbo</strong></span> 
     </span>
     <span class='ocr_line' id='line_1_7' title="bbox 430 1535 2170 1630; baseline 0.001 -16"><span class='ocrx_word' id='word_1_57' title='bbox 430 1546 507 1628; x_wconf 90' lang='lat' dir='ltr'><strong>huo,</strong></span> <span class='ocrx_word' id='word_1_58' title='bbox 536 1548 626 1630; x_wconf 88' lang='lat' dir='ltr'><strong>quasi</strong></span> <span class='ocrx_word' id='word_1_59' title='bbox 650 1545 691 1612; x_wconf 90' lang='lat' dir='ltr'><strong>od</strong></span> <span class='ocrx_word' id='word_1_60' title='bbox 718 1544 901 1624; x_wconf 79' lang='lat' dir='ltr'><strong>omnigenae</strong></span> <span class='ocrx_word' id='word_1_61' title='bbox 925 1543 1111 1610; x_wconf 91' lang='lat' dir='ltr'><strong>eruditionis</strong></span> <span class='ocrx_word' id='word_1_62' title='bbox 1139 1545 1309 1627; x_wconf 88' lang='lat' dir='ltr'><strong>emporium</strong></span> <span class='ocrx_word' id='word_1_63' title='bbox 1331 1544 1485 1627; x_wconf 89' lang='lat' dir='ltr'><strong>quoddam</strong></span> <span class='ocrx_word' id='word_1_64' title='bbox 1505 1545 1776 1628; x_wconf 86' lang='lat' dir='ltr'><strong>opulentissimum</strong></span> <span class='ocrx_word' id='word_1_65' title='bbox 1805 1544 2008 1628; x_wconf 81' lang='lat' dir='ltr'><strong>confluxerit,</strong></span> <span class='ocrx_word' id='word_1_66' title='bbox 2028 1535 2170 1629; x_wconf 56' lang='lat' dir='ltr'><strong>&#39;quorum</strong></span> 
     </span>
     <span class='ocr_line' id='line_1_8' title="bbox 429 1641 2170 1728; baseline 0.001 -16"><span class='ocrx_word' id='word_1_67' title='bbox 429 1651 523 1712; x_wconf 87' lang='lat' dir='ltr'><strong>tanta</strong></span> <span class='ocrx_word' id='word_1_68' title='bbox 544 1641 873 1726; x_wconf 89' lang='lat' dir='ltr'><strong>omnipropemodum</strong></span> <span class='ocrx_word' id='word_1_69' title='bbox 903 1647 1043 1724; x_wconf 87' lang='lat' dir='ltr'><strong>tempore</strong></span> <span class='ocrx_word' id='word_1_70' title='bbox 1071 1649 1230 1726; x_wconf 88' lang='lat' dir='ltr'><strong>comperta</strong></span> <span class='ocrx_word' id='word_1_71' title='bbox 1249 1643 1310 1710; x_wconf 86' lang='lat' dir='ltr'><strong>init</strong></span> <span class='ocrx_word' id='word_1_72' title='bbox 1331 1643 1509 1727; x_wconf 88' lang='lat' dir='ltr'><strong>diligentia,</strong></span> <span class='ocrx_word' id='word_1_73' title='bbox 1538 1650 1576 1711; x_wconf 89' lang='lat' dir='ltr'><strong>ut</strong></span> <span class='ocrx_word' id='word_1_74' title='bbox 1596 1664 1654 1712; x_wconf 92' lang='lat' dir='ltr'><strong>nec</strong></span> <span class='ocrx_word' id='word_1_75' title='bbox 1675 1644 1835 1710; x_wconf 83' lang='lat' dir='ltr'><strong>Cleanthis</strong></span> <span class='ocrx_word' id='word_1_76' title='bbox 1856 1663 1915 1710; x_wconf 89' lang='lat' dir='ltr'><strong>nec</strong></span> <span class='ocrx_word' id='word_1_77' title='bbox 1942 1645 2170 1728; x_wconf 80' lang='lat' dir='ltr'><strong>Aristophanis,</strong></span> 
     </span>
     <span class='ocr_line' id='line_1_9' title="bbox 430 1741 2172 1830; baseline -0.001 -18"><span class='ocrx_word' id='word_1_78' title='bbox 430 1764 562 1830; x_wconf 92' lang='lat' dir='ltr'><strong>quorum</strong></span> <span class='ocrx_word' id='word_1_79' title='bbox 581 1749 712 1825; x_wconf 89' lang='lat' dir='ltr'><strong>uterque</strong></span> <span class='ocrx_word' id='word_1_80' title='bbox 731 1741 980 1824; x_wconf 87' lang='lat' dir='ltr'><strong>pertinacissima</strong></span> <span class='ocrx_word' id='word_1_81' title='bbox 1000 1759 1059 1808; x_wconf 88' lang='lat' dir='ltr'><strong>suu</strong></span> <span class='ocrx_word' id='word_1_82' title='bbox 1073 1742 1238 1825; x_wconf 87' lang='lat' dir='ltr'><strong>vigilantia</strong></span> <span class='ocrx_word' id='word_1_83' title='bbox 1248 1741 1321 1810; x_wconf 88' lang='lat' dir='ltr'><strong>iecit</strong></span> <span class='ocrx_word' id='word_1_84' title='bbox 1333 1744 1499 1828; x_wconf 91' lang='lat' dir='ltr'><strong>proverbio</strong></span> <span class='ocrx_word' id='word_1_85' title='bbox 1514 1745 1626 1828; x_wconf 77' lang='lat' dir='ltr'><strong>locuni,</strong></span> <span class='ocrx_word' id='word_1_86' title='bbox 1645 1745 1712 1812; x_wconf 87' lang='lat' dir='ltr'><strong>iere</strong></span> <span class='ocrx_word' id='word_1_87' title='bbox 1725 1745 1866 1812; x_wconf 83' lang='lat' dir='ltr'><strong>extiterit</strong></span> <span class='ocrx_word' id='word_1_88' title='bbox 1885 1745 1994 1829; x_wconf 89' lang='lat' dir='ltr'><strong>major.</strong></span> <span class='ocrx_word' id='word_1_89' title='bbox 2035 1745 2172 1828; x_wconf 91' lang='lat' dir='ltr'><strong>ldeoqne</strong></span> 
     </span>
     <span class='ocr_line' id='line_1_10' title="bbox 429 1841 2172 1928; baseline 0.001 -18"><span class='ocrx_word' id='word_1_90' title='bbox 429 1844 554 1928; x_wconf 88' lang='lat' dir='ltr'><strong>plurimi</strong></span> <span class='ocrx_word' id='word_1_91' title='bbox 581 1847 614 1909; x_wconf 91' lang='lat' dir='ltr'><strong>et</strong></span> <span class='ocrx_word' id='word_1_92' title='bbox 643 1842 769 1923; x_wconf 90' lang='lat' dir='ltr'><strong>quidem</strong></span> <span class='ocrx_word' id='word_1_93' title='bbox 796 1841 959 1910; x_wconf 79' lang='lat' dir='ltr'><strong>turmatim</strong></span> <span class='ocrx_word' id='word_1_94' title='bbox 981 1859 1020 1908; x_wconf 81' lang='lat' dir='ltr'><strong>es</strong></span> <span class='ocrx_word' id='word_1_95' title='bbox 1040 1842 1101 1908; x_wconf 91' lang='lat' dir='ltr'><strong>hoc</strong></span> <span class='ocrx_word' id='word_1_96' title='bbox 1128 1842 1230 1910; x_wconf 81' lang='lat' dir='ltr'><strong>exiere</strong></span> <span class='ocrx_word' id='word_1_97' title='bbox 1252 1843 1354 1925; x_wconf 87' lang='lat' dir='ltr'><strong>Lyceo</strong></span> <span class='ocrx_word' id='word_1_98' title='bbox 1377 1850 1412 1910; x_wconf 90' lang='lat' dir='ltr'><strong>et</strong></span> <span class='ocrx_word' id='word_1_99' title='bbox 1429 1849 1572 1912; x_wconf 86' lang='lat' dir='ltr'><strong>oratores</strong></span> <span class='ocrx_word' id='word_1_100' title='bbox 1591 1843 1756 1911; x_wconf 91' lang='lat' dir='ltr'><strong>verborum</strong></span> <span class='ocrx_word' id='word_1_101' title='bbox 1781 1849 1815 1910; x_wconf 89' lang='lat' dir='ltr'><strong>et</strong></span> <span class='ocrx_word' id='word_1_102' title='bbox 1833 1863 1939 1911; x_wconf 90' lang='lat' dir='ltr'><strong>rennn</strong></span> <span class='ocrx_word' id='word_1_103' title='bbox 1958 1849 2098 1926; x_wconf 89' lang='lat' dir='ltr'><strong>actores,</strong></span> <span class='ocrx_word' id='word_1_104' title='bbox 2118 1845 2172 1928; x_wconf 91' lang='lat' dir='ltr'><strong>qui</strong></span> 
     </span>
     <span class='ocr_line' id='line_1_11' title="bbox 428 1941 2172 2028; baseline -0.001 -17"><span class='ocrx_word' id='word_1_105' title='bbox 428 1962 492 2011; x_wconf 93' lang='lat' dir='ltr'><strong>non</strong></span> <span class='ocrx_word' id='word_1_106' title='bbox 513 1941 613 2010; x_wconf 87' lang='lat' dir='ltr'><strong>solum</strong></span> <span class='ocrx_word' id='word_1_107' title='bbox 631 1941 677 2007; x_wconf 91' lang='lat' dir='ltr'><strong>ita</strong></span> <span class='ocrx_word' id='word_1_108' title='bbox 697 1959 810 2008; x_wconf 90' lang='lat' dir='ltr'><strong>acuere</strong></span> <span class='ocrx_word' id='word_1_109' title='bbox 825 1947 923 2024; x_wconf 90' lang='lat' dir='ltr'><strong>atque</strong></span> <span class='ocrx_word' id='word_1_110' title='bbox 934 1941 1106 2024; x_wconf 83' lang='lat' dir='ltr'><strong>procudere</strong></span> <span class='ocrx_word' id='word_1_111' title='bbox 1120 1942 1270 2024; x_wconf 87' lang='lat' dir='ltr'><strong>linguam,</strong></span> <span class='ocrx_word' id='word_1_112' title='bbox 1289 1947 1433 2026; x_wconf 90' lang='lat' dir='ltr'><strong>utquam</strong></span> <span class='ocrx_word' id='word_1_113' title='bbox 1445 1942 1480 2009; x_wconf 94' lang='lat' dir='ltr'><strong>in</strong></span> <span class='ocrx_word' id='word_1_114' title='bbox 1496 1949 1620 2026; x_wconf 87' lang='lat' dir='ltr'><strong>partem</strong></span> <span class='ocrx_word' id='word_1_115' title='bbox 1632 1943 1760 2026; x_wconf 91' lang='lat' dir='ltr'><strong>vellent,</strong></span> <span class='ocrx_word' id='word_1_116' title='bbox 1781 1943 1958 2011; x_wconf 90' lang='lat' dir='ltr'><strong>auditorum</strong></span> <span class='ocrx_word' id='word_1_117' title='bbox 1973 1943 2172 2028; x_wconf 87' lang='lat' dir='ltr'><strong>impellerent</strong></span> 
     </span>
     <span class='ocr_line' id='line_1_12' title="bbox 430 2041 2172 2128; baseline 0.002 -20"><span class='ocrx_word' id='word_1_118' title='bbox 430 2044 561 2123; x_wconf 87' lang='lat' dir='ltr'><strong>animos,</strong></span> <span class='ocrx_word' id='word_1_119' title='bbox 579 2041 801 2108; x_wconf 82' lang='lat' dir='ltr'><strong>verumetiam</strong></span> <span class='ocrx_word' id='word_1_120' title='bbox 821 2048 930 2122; x_wconf 87' lang='lat' dir='ltr'><strong>pectus</strong></span> <span class='ocrx_word' id='word_1_121' title='bbox 949 2041 1053 2124; x_wconf 90' lang='lat' dir='ltr'><strong>ipsum</strong></span> <span class='ocrx_word' id='word_1_122' title='bbox 1073 2041 1275 2108; x_wconf 81' lang='lat' dir='ltr'><strong>maximarum</strong></span> <span class='ocrx_word' id='word_1_123' title='bbox 1289 2060 1395 2108; x_wconf 91' lang='lat' dir='ltr'><strong>rerum</strong></span> <span class='ocrx_word' id='word_1_124' title='bbox 1407 2047 1441 2108; x_wconf 90' lang='lat' dir='ltr'><strong>ct</strong></span> <span class='ocrx_word' id='word_1_125' title='bbox 1457 2041 1665 2126; x_wconf 89' lang='lat' dir='ltr'><strong>plurimarum</strong></span> <span class='ocrx_word' id='word_1_126' title='bbox 1678 2043 1845 2126; x_wconf 77' lang='lat' dir='ltr'><strong>amaitate,</strong></span> <span class='ocrx_word' id='word_1_127' title='bbox 1864 2045 1955 2128; x_wconf 90' lang='lat' dir='ltr'><strong>copia</strong></span> <span class='ocrx_word' id='word_1_128' title='bbox 1969 2049 2004 2110; x_wconf 91' lang='lat' dir='ltr'><strong>et</strong></span> <span class='ocrx_word' id='word_1_129' title='bbox 2016 2045 2172 2111; x_wconf 87' lang='lat' dir='ltr'><strong>varietate</strong></span> 
     </span>
     <span class='ocr_line' id='line_1_13' title="bbox 427 2140 2171 2225; baseline 0.001 -17"><span class='ocrx_word' id='word_1_130' title='bbox 427 2144 474 2208; x_wconf 82' lang='lat' dir='ltr'><strong>ita</strong></span> <span class='ocrx_word' id='word_1_131' title='bbox 494 2145 665 2208; x_wconf 82' lang='lat' dir='ltr'><strong>oneranmt</strong></span> <span class='ocrx_word' id='word_1_132' title='bbox 686 2145 781 2222; x_wconf 89' lang='lat' dir='ltr'><strong>atque</strong></span> <span class='ocrx_word' id='word_1_133' title='bbox 801 2140 1048 2223; x_wconf 87' lang='lat' dir='ltr'><strong>complevervmt,</strong></span> <span class='ocrx_word' id='word_1_134' title='bbox 1078 2145 1115 2206; x_wconf 91' lang='lat' dir='ltr'><strong>ut</strong></span> <span class='ocrx_word' id='word_1_135' title='bbox 1139 2141 1172 2206; x_wconf 95' lang='lat' dir='ltr'><strong>in</strong></span> <span class='ocrx_word' id='word_1_136' title='bbox 1195 2140 1291 2208; x_wconf 88' lang='lat' dir='ltr'><strong>solarn</strong></span> <span class='ocrx_word' id='word_1_137' title='bbox 1312 2147 1409 2224; x_wconf 89' lang='lat' dir='ltr'><strong>atque</strong></span> <span class='ocrx_word' id='word_1_138' title='bbox 1429 2142 1607 2225; x_wconf 89' lang='lat' dir='ltr'><strong>pulverem,</strong></span> <span class='ocrx_word' id='word_1_139' title='bbox 1637 2161 1701 2208; x_wconf 94' lang='lat' dir='ltr'><strong>non</strong></span> <span class='ocrx_word' id='word_1_140' title='bbox 1720 2147 1758 2208; x_wconf 91' lang='lat' dir='ltr'><strong>ut</strong></span> <span class='ocrx_word' id='word_1_141' title='bbox 1778 2161 1797 2209; x_wconf 88' lang='lat' dir='ltr'><strong>e</strong></span> <span class='ocrx_word' id='word_1_142' title='bbox 1817 2142 1947 2209; x_wconf 87' lang='lat' dir='ltr'><strong>militari</strong></span> <span class='ocrx_word' id='word_1_143' title='bbox 1968 2143 2171 2209; x_wconf 85' lang='lat' dir='ltr'><strong>tabernaculo</strong></span> 
     </span>
     <span class='ocr_line' id='line_1_14' title="bbox 426 2239 2171 2326; baseline 0.002 -19"><span class='ocrx_word' id='word_1_144' title='bbox 426 2241 548 2323; x_wconf 88' lang='lat' dir='ltr'><strong>aliquo,</strong></span> <span class='ocrx_word' id='word_1_145' title='bbox 572 2239 629 2306; x_wconf 88' lang='lat' dir='ltr'><strong>sed</strong></span> <span class='ocrx_word' id='word_1_146' title='bbox 658 2239 911 2306; x_wconf 89' lang='lat' dir='ltr'><strong>doctissimorum</strong></span> <span class='ocrx_word' id='word_1_147' title='bbox 939 2240 1096 2308; x_wconf 92' lang='lat' dir='ltr'><strong>hominum</strong></span> <span class='ocrx_word' id='word_1_148' title='bbox 1128 2241 1320 2308; x_wconf 86' lang='lat' dir='ltr'><strong>umbraculis</strong></span> <span class='ocrx_word' id='word_1_149' title='bbox 1358 2242 1488 2308; x_wconf 87' lang='lat' dir='ltr'><strong>eosdem</strong></span> <span class='ocrx_word' id='word_1_150' title='bbox 1516 2242 1670 2325; x_wconf 87' lang='lat' dir='ltr'><strong>prodiisse</strong></span> <span class='ocrx_word' id='word_1_151' title='bbox 1698 2247 1862 2326; x_wconf 85' lang='lat' dir='ltr'><strong>appareat.</strong></span> <span class='ocrx_word' id='word_1_152' title='bbox 1915 2243 2027 2324; x_wconf 86' lang='lat' dir='ltr'><strong>Neque</strong></span> <span class='ocrx_word' id='word_1_153' title='bbox 2065 2247 2171 2310; x_wconf 69' lang='lat' dir='ltr'><strong>umen</strong></span> 
     </span>
     <span class='ocr_line' id='line_1_15' title="bbox 426 2329 2172 2424; baseline 0.002 -18"><span class='ocrx_word' id='word_1_154' title='bbox 426 2345 597 2423; x_wconf 88' lang='lat' dir='ltr'><strong>propterea</strong></span> <span class='ocrx_word' id='word_1_155' title='bbox 616 2339 736 2406; x_wconf 84' lang='lat' dir='ltr'><strong>inicias</strong></span> <span class='ocrx_word' id='word_1_156' title='bbox 757 2340 867 2406; x_wconf 91' lang='lat' dir='ltr'><strong>iverim</strong></span> <span class='ocrx_word' id='word_1_157' title='bbox 889 2357 956 2422; x_wconf 86' lang='lat' dir='ltr'><strong>ego,</strong></span> <span class='ocrx_word' id='word_1_158' title='bbox 977 2339 1143 2406; x_wconf 93' lang='lat' dir='ltr'><strong>nonnullos</strong></span> <span class='ocrx_word' id='word_1_159' title='bbox 1164 2339 1204 2406; x_wconf 89' lang='lat' dir='ltr'><strong>ab</strong></span> <span class='ocrx_word' id='word_1_160' title='bbox 1228 2341 1286 2406; x_wconf 93' lang='lat' dir='ltr'><strong>hoc</strong></span> <span class='ocrx_word' id='word_1_161' title='bbox 1307 2340 1449 2406; x_wconf 89' lang='lat' dir='ltr'><strong>literario</strong></span> <span class='ocrx_word' id='word_1_162' title='bbox 1475 2341 1517 2407; x_wconf 91' lang='lat' dir='ltr'><strong>ad</strong></span> <span class='ocrx_word' id='word_1_163' title='bbox 1538 2341 1737 2423; x_wconf 87' lang='lat' dir='ltr'><strong>sodalicium,</strong></span> <span class='ocrx_word' id='word_1_164' title='bbox 1766 2339 1870 2407; x_wconf 78' lang='lat' dir='ltr'><strong>nesam</strong></span> <span class='ocrx_word' id='word_1_165' title='bbox 1890 2329 1987 2424; x_wconf 75' lang='lat' dir='ltr'><strong>quo&#39;d,</strong></span> <span class='ocrx_word' id='word_1_166' title='bbox 2008 2341 2172 2410; x_wconf 85' lang='lat' dir='ltr'><strong>deflexisse</strong></span> 
     </span>
     <span class='ocr_line' id='line_1_16' title="bbox 428 2439 2171 2524; baseline 0.001 -18"><span class='ocrx_word' id='word_1_167' title='bbox 428 2439 640 2523; x_wconf 85' lang='lat' dir='ltr'><strong>Cyclopicum,</strong></span> <span class='ocrx_word' id='word_1_168' title='bbox 661 2439 715 2522; x_wconf 91' lang='lat' dir='ltr'><strong>qui</strong></span> <span class='ocrx_word' id='word_1_169' title='bbox 735 2457 801 2504; x_wconf 95' lang='lat' dir='ltr'><strong>nou</strong></span> <span class='ocrx_word' id='word_1_170' title='bbox 821 2457 910 2506; x_wconf 90' lang='lat' dir='ltr'><strong>secus</strong></span> <span class='ocrx_word' id='word_1_171' title='bbox 931 2443 1025 2522; x_wconf 89' lang='lat' dir='ltr'><strong>atque</strong></span> <span class='ocrx_word' id='word_1_172' title='bbox 1042 2441 1080 2522; x_wconf 92' lang='lat' dir='ltr'><strong>ii,</strong></span> <span class='ocrx_word' id='word_1_173' title='bbox 1112 2441 1166 2523; x_wconf 95' lang='lat' dir='ltr'><strong>qui</strong></span> <span class='ocrx_word' id='word_1_174' title='bbox 1184 2439 1291 2506; x_wconf 90' lang='lat' dir='ltr'><strong>morbo</strong></span> <span class='ocrx_word' id='word_1_175' title='bbox 1310 2439 1417 2524; x_wconf 90' lang='lat' dir='ltr'><strong>aliquo</strong></span> <span class='ocrx_word' id='word_1_176' title='bbox 1437 2445 1471 2507; x_wconf 90' lang='lat' dir='ltr'><strong>et</strong></span> <span class='ocrx_word' id='word_1_177' title='bbox 1488 2458 1603 2506; x_wconf 90' lang='lat' dir='ltr'><strong>sensus</strong></span> <span class='ocrx_word' id='word_1_178' title='bbox 1623 2444 1752 2524; x_wconf 90' lang='lat' dir='ltr'><strong>stupore</strong></span> <span class='ocrx_word' id='word_1_179' title='bbox 1769 2441 1831 2506; x_wconf 92' lang='lat' dir='ltr'><strong>cibi</strong></span> <span class='ocrx_word' id='word_1_180' title='bbox 1848 2459 1910 2505; x_wconf 94' lang='lat' dir='ltr'><strong>non</strong></span> <span class='ocrx_word' id='word_1_181' title='bbox 1931 2442 2074 2507; x_wconf 86' lang='lat' dir='ltr'><strong>sentiunt</strong></span> <span class='ocrx_word' id='word_1_182' title='bbox 2095 2460 2171 2508; x_wconf 85' lang='lat' dir='ltr'><strong>eno·</strong></span> 
     </span>
     <span class='ocr_line' id='line_1_17' title="bbox 425 2537 2171 2623; baseline 0 -16"><span class='ocrx_word' id='word_1_183' title='bbox 425 2541 567 2622; x_wconf 85' lang='lat' dir='ltr'><strong>vitatem,</strong></span> <span class='ocrx_word' id='word_1_184' title='bbox 589 2557 682 2606; x_wconf 88' lang='lat' dir='ltr'><strong>verae</strong></span> <span class='ocrx_word' id='word_1_185' title='bbox 701 2537 802 2604; x_wconf 77' lang='lat' dir='ltr'><strong>lande</strong></span> <span class='ocrx_word' id='word_1_186' title='bbox 822 2545 947 2620; x_wconf 88' lang='lat' dir='ltr'><strong>gustum</strong></span> <span class='ocrx_word' id='word_1_187' title='bbox 966 2557 1029 2605; x_wconf 94' lang='lat' dir='ltr'><strong>non</strong></span> <span class='ocrx_word' id='word_1_188' title='bbox 1050 2545 1256 2622; x_wconf 87' lang='lat' dir='ltr'><strong>perceperunt</strong></span> <span class='ocrx_word' id='word_1_189' title='bbox 1281 2557 1430 2622; x_wconf 86' lang='lat' dir='ltr'><strong>unquam.</strong></span> <span class='ocrx_word' id='word_1_190' title='bbox 1472 2539 1589 2606; x_wconf 88' lang='lat' dir='ltr'><strong>Verum</strong></span> <span class='ocrx_word' id='word_1_191' title='bbox 1610 2545 1728 2623; x_wconf 92' lang='lat' dir='ltr'><strong>quanto</strong></span> <span class='ocrx_word' id='word_1_192' title='bbox 1749 2539 1871 2623; x_wconf 92' lang='lat' dir='ltr'><strong>turpior</strong></span> <span class='ocrx_word' id='word_1_193' title='bbox 1896 2539 2037 2622; x_wconf 85' lang='lat' dir='ltr'><strong>projecta</strong></span> <span class='ocrx_word' id='word_1_194' title='bbox 2057 2541 2171 2608; x_wconf 91' lang='lat' dir='ltr'><strong>horum</strong></span> 
     </span>
     <span class='ocr_line' id='line_1_18' title="bbox 428 2638 2173 2724; baseline 0 -18"><span class='ocrx_word' id='word_1_195' title='bbox 428 2640 560 2708; x_wconf 89' lang='lat' dir='ltr'><strong>audacia</strong></span> <span class='ocrx_word' id='word_1_196' title='bbox 580 2645 677 2720; x_wconf 90' lang='lat' dir='ltr'><strong>atque</strong></span> <span class='ocrx_word' id='word_1_197' title='bbox 698 2639 851 2720; x_wconf 90' lang='lat' dir='ltr'><strong>eminens,</strong></span> <span class='ocrx_word' id='word_1_198' title='bbox 881 2643 972 2706; x_wconf 89' lang='lat' dir='ltr'><strong>tanto</strong></span> <span class='ocrx_word' id='word_1_199' title='bbox 993 2639 1093 2722; x_wconf 89' lang='lat' dir='ltr'><strong>major</strong></span> <span class='ocrx_word' id='word_1_200' title='bbox 1114 2639 1239 2706; x_wconf 89' lang='lat' dir='ltr'><strong>illorum</strong></span> <span class='ocrx_word' id='word_1_201' title='bbox 1259 2645 1310 2706; x_wconf 87' lang='lat' dir='ltr'><strong>est</strong></span> <span class='ocrx_word' id='word_1_202' title='bbox 1330 2640 1449 2724; x_wconf 87' lang='lat' dir='ltr'><strong>gloria,</strong></span> <span class='ocrx_word' id='word_1_203' title='bbox 1470 2641 1525 2722; x_wconf 89' lang='lat' dir='ltr'><strong>qui</strong></span> <span class='ocrx_word' id='word_1_204' title='bbox 1546 2639 1640 2722; x_wconf 89' lang='lat' dir='ltr'><strong>longe</strong></span> <span class='ocrx_word' id='word_1_205' title='bbox 1659 2639 1813 2707; x_wconf 89' lang='lat' dir='ltr'><strong>doctiores</strong></span> <span class='ocrx_word' id='word_1_206' title='bbox 1832 2644 1867 2705; x_wconf 88' lang='lat' dir='ltr'><strong>et</strong></span> <span class='ocrx_word' id='word_1_207' title='bbox 1886 2638 2079 2706; x_wconf 81' lang='lat' dir='ltr'><strong>honestiores</strong></span> <span class='ocrx_word' id='word_1_208' title='bbox 2099 2641 2173 2706; x_wconf 92' lang='lat' dir='ltr'><strong>hinc</strong></span> 
     </span>
     <span class='ocr_line' id='line_1_19' title="bbox 429 2734 2171 2824; baseline -0.001 -18"><span class='ocrx_word' id='word_1_209' title='bbox 429 2734 652 2818; x_wconf 82' lang='lat' dir='ltr'><strong>discesserunt,</strong></span> <span class='ocrx_word' id='word_1_210' title='bbox 667 2755 759 2820; x_wconf 92' lang='lat' dir='ltr'><strong>quam</strong></span> <span class='ocrx_word' id='word_1_211' title='bbox 781 2745 940 2804; x_wconf 89' lang='lat' dir='ltr'><strong>venerant.</strong></span> <span class='ocrx_word' id='word_1_212' title='bbox 983 2738 1132 2822; x_wconf 83' lang='lat' dir='ltr'><strong>Exemplo</strong></span> <span class='ocrx_word' id='word_1_213' title='bbox 1155 2740 1220 2804; x_wconf 92' lang='lat' dir='ltr'><strong>siut</strong></span> <span class='ocrx_word' id='word_1_214' title='bbox 1240 2739 1422 2806; x_wconf 89' lang='lat' dir='ltr'><strong>innumerae</strong></span> <span class='ocrx_word' id='word_1_215' title='bbox 1440 2740 1661 2824; x_wconf 86' lang='lat' dir='ltr'><strong>propemodum</strong></span> <span class='ocrx_word' id='word_1_216' title='bbox 1681 2739 1854 2806; x_wconf 89' lang='lat' dir='ltr'><strong>Doctorum</strong></span> <span class='ocrx_word' id='word_1_217' title='bbox 1873 2739 2171 2822; x_wconf 85' lang='lat' dir='ltr'><strong>Magistrorumque,</strong></span> 
     </span>
     <span class='ocr_line' id='line_1_20' title="bbox 426 2837 2171 2922; baseline 0.001 -18"><span class='ocrx_word' id='word_1_218' title='bbox 426 2857 506 2922; x_wconf 92' lang='lat' dir='ltr'><strong>quos</strong></span> <span class='ocrx_word' id='word_1_219' title='bbox 530 2837 797 2920; x_wconf 80' lang='lat' dir='ltr'><strong>exquisitissimis,</strong></span> <span class='ocrx_word' id='word_1_220' title='bbox 827 2842 863 2904; x_wconf 90' lang='lat' dir='ltr'><strong>ut</strong></span> <span class='ocrx_word' id='word_1_221' title='bbox 889 2855 996 2904; x_wconf 92' lang='lat' dir='ltr'><strong>eorum</strong></span> <span class='ocrx_word' id='word_1_222' title='bbox 1017 2837 1121 2904; x_wconf 90' lang='lat' dir='ltr'><strong>studia</strong></span> <span class='ocrx_word' id='word_1_223' title='bbox 1141 2843 1324 2906; x_wconf 88' lang='lat' dir='ltr'><strong>meruerant</strong></span> <span class='ocrx_word' id='word_1_224' title='bbox 1343 2844 1376 2906; x_wconf 87' lang='lat' dir='ltr'><strong>et</strong></span> <span class='ocrx_word' id='word_1_225' title='bbox 1396 2839 1550 2922; x_wconf 76' lang='lat' dir='ltr'><strong>vhmtes,</strong></span> <span class='ocrx_word' id='word_1_226' title='bbox 1577 2838 1752 2908; x_wconf 91' lang='lat' dir='ltr'><strong>honoribus</strong></span> <span class='ocrx_word' id='word_1_227' title='bbox 1772 2839 1940 2906; x_wconf 85' lang='lat' dir='ltr'><strong>Academia</strong></span> <span class='ocrx_word' id='word_1_228' title='bbox 1958 2843 2070 2905; x_wconf 90' lang='lat' dir='ltr'><strong>nostra</strong></span> <span class='ocrx_word' id='word_1_229' title='bbox 2097 2857 2171 2906; x_wconf 92' lang='lat' dir='ltr'><strong>oon·</strong></span> 
     </span>
     <span class='ocr_line' id='line_1_21' title="bbox 428 2935 2170 3023; baseline 0 -19"><span class='ocrx_word' id='word_1_230' title='bbox 428 2937 589 3006; x_wconf 87' lang='lat' dir='ltr'><strong>decoravit</strong></span> <span class='ocrx_word' id='word_1_231' title='bbox 607 2935 838 3019; x_wconf 89' lang='lat' dir='ltr'><strong>liberalissime,</strong></span> <span class='ocrx_word' id='word_1_232' title='bbox 865 2935 1057 3004; x_wconf 78' lang='lat' dir='ltr'><strong>festivitates</strong></span> <span class='ocrx_word' id='word_1_233' title='bbox 1085 2943 1118 3004; x_wconf 91' lang='lat' dir='ltr'><strong>et</strong></span> <span class='ocrx_word' id='word_1_234' title='bbox 1140 2936 1334 3023; x_wconf 79' lang='grc' dir='ltr'><strong>πανηγύρεις</strong></span> <span class='ocrx_word' id='word_1_235' title='bbox 1357 2939 1451 3021; x_wconf 90' lang='lat' dir='ltr'><strong>quasi</strong></span> <span class='ocrx_word' id='word_1_236' title='bbox 1480 2944 1664 3023; x_wconf 88' lang='lat' dir='ltr'><strong>perpetuae.</strong></span> <span class='ocrx_word' id='word_1_237' title='bbox 1712 2939 1795 3004; x_wconf 86' lang='lat' dir='ltr'><strong>Nam</strong></span> <span class='ocrx_word' id='word_1_238' title='bbox 1827 2938 1888 3003; x_wconf 91' lang='lat' dir='ltr'><strong>etsi</strong></span> <span class='ocrx_word' id='word_1_239' title='bbox 1915 2938 2017 3004; x_wconf 90' lang='lat' dir='ltr'><strong>virtus</strong></span> <span class='ocrx_word' id='word_1_240' title='bbox 2045 2937 2170 3021; x_wconf 90' lang='lat' dir='ltr'><strong>quidem</strong></span> 
     </span>
     <span class='ocr_line' id='line_1_22' title="bbox 427 3035 2169 3121; baseline 0.001 -18"><span class='ocrx_word' id='word_1_241' title='bbox 427 3037 496 3120; x_wconf 88' lang='lat' dir='ltr'><strong>ipsa</strong></span> <span class='ocrx_word' id='word_1_242' title='bbox 516 3035 726 3119; x_wconf 89' lang='lat' dir='ltr'><strong>pulcherrima</strong></span> <span class='ocrx_word' id='word_1_243' title='bbox 745 3035 805 3102; x_wconf 92' lang='lat' dir='ltr'><strong>sibi</strong></span> <span class='ocrx_word' id='word_1_244' title='bbox 827 3055 947 3103; x_wconf 90' lang='lat' dir='ltr'><strong>merces</strong></span> <span class='ocrx_word' id='word_1_245' title='bbox 970 3043 1027 3120; x_wconf 92' lang='lat' dir='ltr'><strong>est,</strong></span> <span class='ocrx_word' id='word_1_246' title='bbox 1051 3037 1150 3104; x_wconf 91' lang='lat' dir='ltr'><strong>honos</strong></span> <span class='ocrx_word' id='word_1_247' title='bbox 1172 3044 1278 3104; x_wconf 86' lang='lat' dir='ltr'><strong>tumen</strong></span> <span class='ocrx_word' id='word_1_248' title='bbox 1299 3039 1366 3121; x_wconf 90' lang='lat' dir='ltr'><strong>ipse</strong></span> <span class='ocrx_word' id='word_1_249' title='bbox 1385 3039 1481 3105; x_wconf 88' lang='lat' dir='ltr'><strong>arteis</strong></span> <span class='ocrx_word' id='word_1_250' title='bbox 1502 3037 1561 3103; x_wconf 91' lang='lat' dir='ltr'><strong>alit</strong></span> <span class='ocrx_word' id='word_1_251' title='bbox 1580 3037 1689 3120; x_wconf 87' lang='lat' dir='ltr'><strong>magis,</strong></span> <span class='ocrx_word' id='word_1_252' title='bbox 1708 3053 1875 3120; x_wconf 90' lang='lat' dir='ltr'><strong>omnesque</strong></span> <span class='ocrx_word' id='word_1_253' title='bbox 1898 3037 2107 3104; x_wconf 86' lang='lat' dir='ltr'><strong>incenduntur</strong></span> <span class='ocrx_word' id='word_1_254' title='bbox 2127 3037 2169 3105; x_wconf 88' lang='lat' dir='ltr'><strong>ad</strong></span> 
     </span>
     <span class='ocr_line' id='line_1_23' title="bbox 430 3135 2021 3222; baseline -0.001 -18"><span class='ocrx_word' id='word_1_255' title='bbox 430 3135 538 3204; x_wconf 87' lang='lat' dir='ltr'><strong>studia</strong></span> <span class='ocrx_word' id='word_1_256' title='bbox 559 3135 668 3218; x_wconf 87' lang='lat' dir='ltr'><strong>gloria,</strong></span> <span class='ocrx_word' id='word_1_257' title='bbox 690 3135 736 3201; x_wconf 89' lang='lat' dir='ltr'><strong>ita</strong></span> <span class='ocrx_word' id='word_1_258' title='bbox 760 3135 899 3218; x_wconf 92' lang='lat' dir='ltr'><strong>quidem,</strong></span> <span class='ocrx_word' id='word_1_259' title='bbox 919 3141 956 3202; x_wconf 91' lang='lat' dir='ltr'><strong>ut</strong></span> <span class='ocrx_word' id='word_1_260' title='bbox 979 3155 1016 3202; x_wconf 87' lang='lat' dir='ltr'><strong>ca</strong></span> <span class='ocrx_word' id='word_1_261' title='bbox 1038 3136 1106 3203; x_wconf 86' lang='lat' dir='ltr'><strong>tere</strong></span> <span class='ocrx_word' id='word_1_262' title='bbox 1123 3139 1251 3220; x_wconf 76' lang='lat' dir='ltr'><strong>Jaoeant</strong></span> <span class='ocrx_word' id='word_1_263' title='bbox 1271 3155 1404 3220; x_wconf 88' lang='lat' dir='ltr'><strong>semper,</strong></span> <span class='ocrx_word' id='word_1_264' title='bbox 1425 3155 1506 3222; x_wconf 86' lang='lat' dir='ltr'><strong>qnae</strong></span> <span class='ocrx_word' id='word_1_265' title='bbox 1525 3137 1612 3219; x_wconf 89' lang='lat' dir='ltr'><strong>apud</strong></span> <span class='ocrx_word' id='word_1_266' title='bbox 1633 3154 1772 3220; x_wconf 91' lang='lat' dir='ltr'><strong>quosque</strong></span> <span class='ocrx_word' id='word_1_267' title='bbox 1792 3137 2021 3219; x_wconf 87' lang='lat' dir='ltr'><strong>improbantur.</strong></span> 
     </span>
    </p>

    <p class='ocr_par' dir='ltr' id='par_1_5' title="bbox 426 3233 2171 4618">
     <span class='ocr_line' id='line_1_24' title="bbox 553 3233 2171 3322; baseline 0.002 -22"><span class='ocrx_word' id='word_1_268' title='bbox 553 3233 640 3303; x_wconf 88' lang='lat' dir='ltr'><strong>Haec</strong></span> <span class='ocrx_word' id='word_1_269' title='bbox 661 3236 759 3317; x_wconf 89' lang='lat' dir='ltr'><strong>igitur</strong></span> <span class='ocrx_word' id='word_1_270' title='bbox 776 3235 962 3302; x_wconf 85' lang='lat' dir='ltr'><strong>Academiae</strong></span> <span class='ocrx_word' id='word_1_271' title='bbox 988 3241 1132 3321; x_wconf 87' lang='lat' dir='ltr'><strong>nostroe,</strong></span> <span class='ocrx_word' id='word_1_272' title='bbox 1160 3255 1242 3322; x_wconf 89' lang='lat' dir='ltr'><strong>quoe</strong></span> <span class='ocrx_word' id='word_1_273' title='bbox 1268 3242 1394 3304; x_wconf 87' lang='lat' dir='ltr'><strong>tantum</strong></span> <span class='ocrx_word' id='word_1_274' title='bbox 1420 3237 1504 3304; x_wconf 88' lang='lat' dir='ltr'><strong>inter</strong></span> <span class='ocrx_word' id='word_1_275' title='bbox 1531 3236 1611 3302; x_wconf 89' lang='lat' dir='ltr'><strong>alias</strong></span> <span class='ocrx_word' id='word_1_276' title='bbox 1638 3235 1753 3304; x_wconf 81' lang='lat' dir='ltr'><strong>extulit</strong></span> <span class='ocrx_word' id='word_1_277' title='bbox 1774 3242 1885 3319; x_wconf 90' lang='lat' dir='ltr'><strong>caput,</strong></span> <span class='ocrx_word' id='word_1_278' title='bbox 1913 3241 2065 3320; x_wconf 87' lang='lat' dir='ltr'><strong>quantum</strong></span> <span class='ocrx_word' id='word_1_279' title='bbox 2085 3236 2171 3304; x_wconf 85' lang='lat' dir='ltr'><strong>lenta</strong></span> 
     </span>
     <span class='ocr_line' id='line_1_25' title="bbox 428 3334 2170 3421; baseline 0.002 -20"><span class='ocrx_word' id='word_1_280' title='bbox 428 3334 530 3402; x_wconf 93' lang='lat' dir='ltr'><strong>solent</strong></span> <span class='ocrx_word' id='word_1_281' title='bbox 547 3335 629 3400; x_wconf 90' lang='lat' dir='ltr'><strong>inter</strong></span> <span class='ocrx_word' id='word_1_282' title='bbox 649 3334 784 3400; x_wconf 83' lang='lat' dir='ltr'><strong>viburna</strong></span> <span class='ocrx_word' id='word_1_283' title='bbox 805 3336 954 3418; x_wconf 87' lang='lat' dir='ltr'><strong>cupressi,</strong></span> <span class='ocrx_word' id='word_1_284' title='bbox 975 3335 1065 3402; x_wconf 89' lang='lat' dir='ltr'><strong>initia</strong></span> <span class='ocrx_word' id='word_1_285' title='bbox 1083 3342 1116 3402; x_wconf 92' lang='lat' dir='ltr'><strong>et</strong></span> <span class='ocrx_word' id='word_1_286' title='bbox 1135 3337 1334 3404; x_wconf 87' lang='lat' dir='ltr'><strong>incrementa.</strong></span> <span class='ocrx_word' id='word_1_287' title='bbox 1376 3337 1487 3419; x_wconf 88' lang='lat' dir='ltr'><strong>Neque</strong></span> <span class='ocrx_word' id='word_1_288' title='bbox 1505 3337 1586 3402; x_wconf 85' lang='lat' dir='ltr'><strong>enim</strong></span> <span class='ocrx_word' id='word_1_289' title='bbox 1603 3335 1668 3404; x_wconf 94' lang='lat' dir='ltr'><strong>nlla</strong></span> <span class='ocrx_word' id='word_1_290' title='bbox 1681 3336 1748 3404; x_wconf 86' lang='lat' dir='ltr'><strong>iere</strong></span> <span class='ocrx_word' id='word_1_291' title='bbox 1760 3335 1824 3402; x_wconf 86' lang='lat' dir='ltr'><strong>alia</strong></span> <span class='ocrx_word' id='word_1_292' title='bbox 1843 3339 1902 3418; x_wconf 88' lang='lat' dir='ltr'><strong>est,</strong></span> <span class='ocrx_word' id='word_1_293' title='bbox 1921 3337 1955 3402; x_wconf 94' lang='lat' dir='ltr'><strong>in</strong></span> <span class='ocrx_word' id='word_1_294' title='bbox 1976 3354 2038 3420; x_wconf 89' lang='lat' dir='ltr'><strong>qua</strong></span> <span class='ocrx_word' id='word_1_295' title='bbox 2056 3338 2170 3421; x_wconf 75' lang='lat' dir='ltr'><strong>maiori</strong></span> 
     </span>
     <span class='ocr_line' id='line_1_26' title="bbox 429 3432 2170 3520; baseline 0.001 -20"><span class='ocrx_word' id='word_1_296' title='bbox 429 3433 537 3502; x_wconf 91' lang='lat' dir='ltr'><strong>laboro</strong></span> <span class='ocrx_word' id='word_1_297' title='bbox 558 3451 595 3499; x_wconf 89' lang='lat' dir='ltr'><strong>ac</strong></span> <span class='ocrx_word' id='word_1_298' title='bbox 619 3432 772 3500; x_wconf 87' lang='lat' dir='ltr'><strong>fidelitate</strong></span> <span class='ocrx_word' id='word_1_299' title='bbox 793 3451 891 3515; x_wconf 87' lang='lat' dir='ltr'><strong>genus</strong></span> <span class='ocrx_word' id='word_1_300' title='bbox 911 3453 1003 3500; x_wconf 91' lang='lat' dir='ltr'><strong>omne</strong></span> <span class='ocrx_word' id='word_1_301' title='bbox 1028 3435 1176 3503; x_wconf 89' lang='lat' dir='ltr'><strong>tradatur</strong></span> <span class='ocrx_word' id='word_1_302' title='bbox 1203 3437 1393 3519; x_wconf 87' lang='lat' dir='ltr'><strong>studiorum,</strong></span> <span class='ocrx_word' id='word_1_303' title='bbox 1419 3437 1586 3518; x_wconf 89' lang='lat' dir='ltr'><strong>purissima</strong></span> <span class='ocrx_word' id='word_1_304' title='bbox 1613 3435 1752 3502; x_wconf 89' lang='lat' dir='ltr'><strong>uberiori</strong></span> <span class='ocrx_word' id='word_1_305' title='bbox 1772 3451 1842 3502; x_wconf 90' lang='lat' dir='ltr'><strong>cum</strong></span> <span class='ocrx_word' id='word_1_306' title='bbox 1869 3433 1977 3502; x_wconf 84' lang='lat' dir='ltr'><strong>fructu</strong></span> <span class='ocrx_word' id='word_1_307' title='bbox 1998 3435 2170 3520; x_wconf 84' lang='lat' dir='ltr'><strong>Theologia</strong></span> 
     </span>
     <span class='ocr_line' id='line_1_27' title="bbox 428 3533 2169 3619; baseline 0.002 -20"><span class='ocrx_word' id='word_1_308' title='bbox 428 3534 586 3616; x_wconf 90' lang='lat' dir='ltr'><strong>doceatur,</strong></span> <span class='ocrx_word' id='word_1_309' title='bbox 609 3533 866 3615; x_wconf 88' lang='lat' dir='ltr'><strong>Jurisprudentia</strong></span> <span class='ocrx_word' id='word_1_310' title='bbox 885 3534 1068 3602; x_wconf 83' lang='lat' dir='ltr'><strong>ferventiori</strong></span> <span class='ocrx_word' id='word_1_311' title='bbox 1089 3541 1243 3602; x_wconf 89' lang='lat' dir='ltr'><strong>tractetur</strong></span> <span class='ocrx_word' id='word_1_312' title='bbox 1264 3537 1368 3619; x_wconf 85' lang='lat' dir='ltr'><strong>ovrltu,</strong></span> <span class='ocrx_word' id='word_1_313' title='bbox 1396 3536 1581 3618; x_wconf 87' lang='lat' dir='ltr'><strong>linguaeque</strong></span> <span class='ocrx_word' id='word_1_314' title='bbox 1600 3535 1814 3602; x_wconf 85' lang='lat' dir='ltr'><strong>nobilissimae</strong></span> <span class='ocrx_word' id='word_1_315' title='bbox 1842 3537 1955 3618; x_wconf 89' lang='lat' dir='ltr'><strong>majori</strong></span> <span class='ocrx_word' id='word_1_316' title='bbox 1974 3537 2169 3603; x_wconf 77' lang='lat' dir='ltr'><strong>inculcentur</strong></span> 
     </span>
     <span class='ocr_line' id='line_1_28' title="bbox 428 3633 2169 3720; baseline 0.001 -18"><span class='ocrx_word' id='word_1_317' title='bbox 428 3635 542 3718; x_wconf 89' lang='lat' dir='ltr'><strong>studio,</strong></span> <span class='ocrx_word' id='word_1_318' title='bbox 560 3633 608 3700; x_wconf 87' lang='lat' dir='ltr'><strong>ita</strong></span> <span class='ocrx_word' id='word_1_319' title='bbox 629 3633 763 3716; x_wconf 90' lang='lat' dir='ltr'><strong>quidem,</strong></span> <span class='ocrx_word' id='word_1_320' title='bbox 783 3639 821 3699; x_wconf 92' lang='lat' dir='ltr'><strong>ut</strong></span> <span class='ocrx_word' id='word_1_321' title='bbox 840 3633 917 3699; x_wconf 89' lang='lat' dir='ltr'><strong>nihil</strong></span> <span class='ocrx_word' id='word_1_322' title='bbox 937 3635 1063 3700; x_wconf 92' lang='lat' dir='ltr'><strong>ornnino</strong></span> <span class='ocrx_word' id='word_1_323' title='bbox 1084 3633 1211 3718; x_wconf 89' lang='lat' dir='ltr'><strong>habeas,</strong></span> <span class='ocrx_word' id='word_1_324' title='bbox 1232 3636 1317 3720; x_wconf 93' lang='lat' dir='ltr'><strong>quod</strong></span> <span class='ocrx_word' id='word_1_325' title='bbox 1338 3635 1372 3700; x_wconf 94' lang='lat' dir='ltr'><strong>in</strong></span> <span class='ocrx_word' id='word_1_326' title='bbox 1391 3635 1579 3718; x_wconf 85' lang='lat' dir='ltr'><strong>optimarum</strong></span> <span class='ocrx_word' id='word_1_327' title='bbox 1590 3633 1824 3716; x_wconf 90' lang='lat' dir='ltr'><strong>disciplinarum</strong></span> <span class='ocrx_word' id='word_1_328' title='bbox 1840 3635 2078 3718; x_wconf 77' lang='lat' dir='ltr'><strong>encyclopacdia</strong></span> <span class='ocrx_word' id='word_1_329' title='bbox 2094 3638 2169 3719; x_wconf 78' lang='lat' dir='ltr'><strong>jue</strong></span> 
     </span>
     <span class='ocr_line' id='line_1_29' title="bbox 427 3731 2169 3824; baseline 0.001 -24"><span class='ocrx_word' id='word_1_330' title='bbox 427 3733 598 3801; x_wconf 90' lang='lat' dir='ltr'><strong>desiderari</strong></span> <span class='ocrx_word' id='word_1_331' title='bbox 618 3733 730 3816; x_wconf 91' lang='lat' dir='ltr'><strong>possis.</strong></span> <span class='ocrx_word' id='word_1_332' title='bbox 772 3731 835 3800; x_wconf 84' lang='lat' dir='ltr'><strong>Sed</strong></span> <span class='ocrx_word' id='word_1_333' title='bbox 855 3732 913 3800; x_wconf 89' lang='lat' dir='ltr'><strong>hos</strong></span> <span class='ocrx_word' id='word_1_334' title='bbox 928 3751 1122 3816; x_wconf 89' lang='lat' dir='ltr'><strong>progressus,</strong></span> <span class='ocrx_word' id='word_1_335' title='bbox 1145 3733 1221 3800; x_wconf 89' lang='lat' dir='ltr'><strong>haec</strong></span> <span class='ocrx_word' id='word_1_336' title='bbox 1238 3735 1437 3818; x_wconf 86' lang='lat' dir='ltr'><strong>incrementa,</strong></span> <span class='ocrx_word' id='word_1_337' title='bbox 1457 3733 1538 3800; x_wconf 91' lang='lat' dir='ltr'><strong>hanc</strong></span> <span class='ocrx_word' id='word_1_338' title='bbox 1552 3735 1588 3824; x_wconf 86' lang='lat' dir='ltr'><strong>in</strong></span> <span class='ocrx_word' id='word_1_339' title='bbox 1600 3733 1740 3816; x_wconf 90' lang='lat' dir='ltr'><strong>patriam</strong></span> <span class='ocrx_word' id='word_1_340' title='bbox 1757 3731 1994 3800; x_wconf 87' lang='lat' dir='ltr'><strong>beneficentiam</strong></span> <span class='ocrx_word' id='word_1_341' title='bbox 2008 3733 2169 3802; x_wconf 87' lang='lat' dir='ltr'><strong>fundatori</strong></span> 
     </span>
     <span class='ocr_line' id='line_1_30' title="bbox 426 3833 2168 3918; baseline 0.001 -18"><span class='ocrx_word' id='word_1_342' title='bbox 426 3833 581 3918; x_wconf 91' lang='lat' dir='ltr'><strong>Principi,</strong></span> <span class='ocrx_word' id='word_1_343' title='bbox 615 3833 668 3916; x_wconf 92' lang='lat' dir='ltr'><strong>qui</strong></span> <span class='ocrx_word' id='word_1_344' title='bbox 695 3833 858 3900; x_wconf 91' lang='lat' dir='ltr'><strong>literarum</strong></span> <span class='ocrx_word' id='word_1_345' title='bbox 883 3833 943 3900; x_wconf 93' lang='lat' dir='ltr'><strong>hoc</strong></span> <span class='ocrx_word' id='word_1_346' title='bbox 969 3835 1139 3918; x_wconf 90' lang='lat' dir='ltr'><strong>emporium</strong></span> <span class='ocrx_word' id='word_1_347' title='bbox 1161 3835 1333 3901; x_wconf 89' lang='lat' dir='ltr'><strong>.nnlversae</strong></span> <span class='ocrx_word' id='word_1_348' title='bbox 1363 3834 1549 3901; x_wconf 86' lang='lat' dir='ltr'><strong>Germaniae</strong></span> <span class='ocrx_word' id='word_1_349' title='bbox 1576 3833 1702 3916; x_wconf 88' lang='lat' dir='ltr'><strong>aperuit</strong></span> <span class='ocrx_word' id='word_1_350' title='bbox 1728 3833 1825 3915; x_wconf 93' lang='lat' dir='ltr'><strong>bono,</strong></span> <span class='ocrx_word' id='word_1_351' title='bbox 1866 3833 2070 3917; x_wconf 87' lang='lat' dir='ltr'><strong>ejusdemque</strong></span> <span class='ocrx_word' id='word_1_352' title='bbox 2096 3833 2168 3902; x_wconf 84' lang='lat' dir='ltr'><strong>liliis</strong></span> 
     </span>
     <span class='ocr_line' id='line_1_31' title="bbox 427 3931 2170 4018; baseline 0.001 -18"><span class='ocrx_word' id='word_1_353' title='bbox 427 3933 593 4000; x_wconf 88' lang='lat' dir='ltr'><strong>Wilhelmo</strong></span> <span class='ocrx_word' id='word_1_354' title='bbox 622 3933 764 4016; x_wconf 84' lang='lat' dir='ltr'><strong>Sapienti</strong></span> <span class='ocrx_word' id='word_1_355' title='bbox 791 3939 824 4000; x_wconf 90' lang='lat' dir='ltr'><strong>et</strong></span> <span class='ocrx_word' id='word_1_356' title='bbox 844 3933 1002 4001; x_wconf 91' lang='lat' dir='ltr'><strong>Ludovico</strong></span> <span class='ocrx_word' id='word_1_357' title='bbox 1023 3933 1069 4000; x_wconf 94' lang='lat' dir='ltr'><strong>IV</strong></span> <span class='ocrx_word' id='word_1_358' title='bbox 1095 3933 1230 4002; x_wconf 86' lang='lat' dir='ltr'><strong>Hussiae</strong></span> <span class='ocrx_word' id='word_1_359' title='bbox 1254 3933 1451 4018; x_wconf 88' lang='lat' dir='ltr'><strong>Principibus</strong></span> <span class='ocrx_word' id='word_1_360' title='bbox 1477 3933 1625 4001; x_wconf 86' lang='lat' dir='ltr'><strong>debemus</strong></span> <span class='ocrx_word' id='word_1_361' title='bbox 1653 3933 1790 4002; x_wconf 90' lang='lat' dir='ltr'><strong>omnino.</strong></span> <span class='ocrx_word' id='word_1_362' title='bbox 1837 3931 1920 4000; x_wconf 88' lang='lat' dir='ltr'><strong>Nam</strong></span> <span class='ocrx_word' id='word_1_363' title='bbox 1948 3935 2170 4001; x_wconf 86' lang='lat' dir='ltr'><strong>etestnmenti</strong></span> 
     </span>
     <span class='ocr_line' id='line_1_32' title="bbox 427 4029 2171 4118; baseline 0 -18"><span class='ocrx_word' id='word_1_364' title='bbox 427 4035 554 4116; x_wconf 88' lang='lat' dir='ltr'><strong>paterni</strong></span> <span class='ocrx_word' id='word_1_365' title='bbox 581 4032 775 4116; x_wconf 88' lang='lat' dir='ltr'><strong>praescripto</strong></span> <span class='ocrx_word' id='word_1_366' title='bbox 803 4029 987 4099; x_wconf 85' lang='lat' dir='ltr'><strong>Wilhelmus</strong></span> <span class='ocrx_word' id='word_1_367' title='bbox 1013 4034 1200 4100; x_wconf 83' lang='lat' dir='ltr'><strong>Academiae</strong></span> <span class='ocrx_word' id='word_1_368' title='bbox 1226 4033 1318 4118; x_wconf 79' lang='lat' dir='ltr'><strong>huJus</strong></span> <span class='ocrx_word' id='word_1_369' title='bbox 1345 4034 1584 4117; x_wconf 84' lang='lat' dir='ltr'><strong>Marpurgensis</strong></span> <span class='ocrx_word' id='word_1_370' title='bbox 1612 4051 1682 4100; x_wconf 90' lang='lat' dir='ltr'><strong>cum</strong></span> <span class='ocrx_word' id='word_1_371' title='bbox 1713 4033 1814 4101; x_wconf 80' lang='lat' dir='ltr'><strong>nano</strong></span> <span class='ocrx_word' id='word_1_372' title='bbox 1840 4033 1995 4100; x_wconf 88' lang='lat' dir='ltr'><strong>Ludovico</strong></span> <span class='ocrx_word' id='word_1_373' title='bbox 2027 4035 2110 4117; x_wconf 92' lang='lat' dir='ltr'><strong>solo,</strong></span> <span class='ocrx_word' id='word_1_374' title='bbox 2137 4039 2171 4102; x_wconf 89' lang='lat' dir='ltr'><strong>et</strong></span> 
     </span>
     <span class='ocr_line' id='line_1_33' title="bbox 427 4131 2170 4216; baseline 0 -16"><span class='ocrx_word' id='word_1_375' title='bbox 427 4134 595 4200; x_wconf 87' lang='lat' dir='ltr'><strong>Dicasterii</strong></span> <span class='ocrx_word' id='word_1_376' title='bbox 616 4131 772 4214; x_wconf 88' lang='lat' dir='ltr'><strong>generalis</strong></span> <span class='ocrx_word' id='word_1_377' title='bbox 792 4131 1035 4200; x_wconf 85' lang='lat' dir='ltr'><strong>cumfratribus</strong></span> <span class='ocrx_word' id='word_1_378' title='bbox 1056 4133 1197 4202; x_wconf 90' lang='lat' dir='ltr'><strong>omnibus</strong></span> <span class='ocrx_word' id='word_1_379' title='bbox 1218 4151 1326 4200; x_wconf 89' lang='lat' dir='ltr'><strong>curam</strong></span> <span class='ocrx_word' id='word_1_380' title='bbox 1343 4137 1442 4216; x_wconf 82' lang='lat' dir='ltr'><strong>gessit</strong></span> <span class='ocrx_word' id='word_1_381' title='bbox 1467 4151 1668 4200; x_wconf 90' lang='lat' dir='ltr'><strong>communem.</strong></span> <span class='ocrx_word' id='word_1_382' title='bbox 1709 4133 1776 4200; x_wconf 84' lang='lat' dir='ltr'><strong>Ino</strong></span> <span class='ocrx_word' id='word_1_383' title='bbox 1800 4139 1894 4216; x_wconf 85' lang='lat' dir='ltr'><strong>pater</strong></span> <span class='ocrx_word' id='word_1_384' title='bbox 1912 4133 2075 4216; x_wconf 89' lang='lat' dir='ltr'><strong>Phihppue</strong></span> <span class='ocrx_word' id='word_1_385' title='bbox 2096 4131 2170 4200; x_wconf 93' lang='lat' dir='ltr'><strong>huic</strong></span> 
     </span>
     <span class='ocr_line' id='line_1_34' title="bbox 428 4231 2169 4316; baseline 0 -16"><span class='ocrx_word' id='word_1_386' title='bbox 428 4231 491 4300; x_wconf 91' lang='lat' dir='ltr'><strong>filio</strong></span> <span class='ocrx_word' id='word_1_387' title='bbox 514 4233 738 4300; x_wconf 83' lang='lat' dir='ltr'><strong>efflorescentis</strong></span> <span class='ocrx_word' id='word_1_388' title='bbox 751 4231 936 4298; x_wconf 83' lang='lat' dir='ltr'><strong>Academiae</strong></span> <span class='ocrx_word' id='word_1_389' title='bbox 958 4232 1259 4300; x_wconf 89' lang='lat' dir='ltr'><strong>administrationem</strong></span> <span class='ocrx_word' id='word_1_390' title='bbox 1279 4235 1477 4302; x_wconf 85' lang='lat' dir='ltr'><strong>commiserat</strong></span> <span class='ocrx_word' id='word_1_391' title='bbox 1490 4235 1608 4301; x_wconf 85' lang='lat' dir='ltr'><strong>vivens.</strong></span> <span class='ocrx_word' id='word_1_392' title='bbox 1649 4232 1743 4300; x_wconf 91' lang='lat' dir='ltr'><strong>Unde</strong></span> <span class='ocrx_word' id='word_1_393' title='bbox 1753 4233 1849 4316; x_wconf 70' lang='lat' dir='ltr'><strong>{facile</strong></span> <span class='ocrx_word' id='word_1_394' title='bbox 1862 4238 1971 4299; x_wconf 90' lang='lat' dir='ltr'><strong>noster</strong></span> <span class='ocrx_word' id='word_1_395' title='bbox 1985 4231 2169 4301; x_wconf 82' lang='lat' dir='ltr'><strong>wilhelmus</strong></span> 
     </span>
     <span class='ocr_line' id='line_1_35' title="bbox 428 4331 2170 4417; baseline 0.001 -19"><span class='ocrx_word' id='word_1_396' title='bbox 428 4350 488 4414; x_wconf 92' lang='lat' dir='ltr'><strong>pro</strong></span> <span class='ocrx_word' id='word_1_397' title='bbox 508 4331 625 4416; x_wconf 88' lang='lat' dir='ltr'><strong>ingenii</strong></span> <span class='ocrx_word' id='word_1_398' title='bbox 646 4331 696 4398; x_wconf 91' lang='lat' dir='ltr'><strong>sui</strong></span> <span class='ocrx_word' id='word_1_399' title='bbox 715 4331 908 4414; x_wconf 87' lang='lat' dir='ltr'><strong>perspicacia</strong></span> <span class='ocrx_word' id='word_1_400' title='bbox 923 4332 1059 4398; x_wconf 92' lang='lat' dir='ltr'><strong>omnium</strong></span> <span class='ocrx_word' id='word_1_401' title='bbox 1073 4350 1176 4398; x_wconf 91' lang='lat' dir='ltr'><strong>rernm</strong></span> <span class='ocrx_word' id='word_1_402' title='bbox 1196 4333 1453 4402; x_wconf 84' lang='lat' dir='ltr'><strong>Academicorum</strong></span> <span class='ocrx_word' id='word_1_403' title='bbox 1462 4335 1603 4400; x_wconf 91' lang='lat' dir='ltr'><strong>rationes</strong></span> <span class='ocrx_word' id='word_1_404' title='bbox 1616 4333 1676 4402; x_wconf 88' lang='lat' dir='ltr'><strong>sibi</strong></span> <span class='ocrx_word' id='word_1_405' title='bbox 1687 4333 1805 4402; x_wconf 86' lang='lat' dir='ltr'><strong>iecerat</strong></span> <span class='ocrx_word' id='word_1_406' title='bbox 1818 4333 2009 4416; x_wconf 81' lang='lat' dir='ltr'><strong>notissimas,</strong></span> <span class='ocrx_word' id='word_1_407' title='bbox 2029 4333 2170 4417; x_wconf 89' lang='lat' dir='ltr'><strong>adeoque</strong></span> 
     </span>
     <span class='ocr_line' id='line_1_36' title="bbox 429 4430 2170 4518; baseline 0.001 -20"><span class='ocrx_word' id='word_1_408' title='bbox 429 4433 463 4498; x_wconf 95' lang='lat' dir='ltr'><strong>in</strong></span> <span class='ocrx_word' id='word_1_409' title='bbox 483 4437 646 4500; x_wconf 84' lang='lat' dir='ltr'><strong>numerato</strong></span> <span class='ocrx_word' id='word_1_410' title='bbox 669 4432 760 4514; x_wconf 90' lang='lat' dir='ltr'><strong>quasi</strong></span> <span class='ocrx_word' id='word_1_411' title='bbox 781 4430 925 4514; x_wconf 90' lang='lat' dir='ltr'><strong>habebat,</strong></span> <span class='ocrx_word' id='word_1_412' title='bbox 945 4437 1096 4514; x_wconf 86' lang='lat' dir='ltr'><strong>quantum</strong></span> <span class='ocrx_word' id='word_1_413' title='bbox 1118 4434 1332 4516; x_wconf 90' lang='lat' dir='ltr'><strong>unusquisque</strong></span> <span class='ocrx_word' id='word_1_414' title='bbox 1345 4434 1558 4504; x_wconf 86' lang='lat' dir='ltr'><strong>Professorum</strong></span> <span class='ocrx_word' id='word_1_415' title='bbox 1573 4434 1639 4501; x_wconf 94' lang='lat' dir='ltr'><strong>looo</strong></span> <span class='ocrx_word' id='word_1_416' title='bbox 1653 4439 1817 4517; x_wconf 87' lang='lat' dir='ltr'><strong>praestare</strong></span> <span class='ocrx_word' id='word_1_417' title='bbox 1832 4439 1940 4518; x_wconf 89' lang='lat' dir='ltr'><strong>posset</strong></span> <span class='ocrx_word' id='word_1_418' title='bbox 1955 4452 2024 4500; x_wconf 90' lang='lat' dir='ltr'><strong>suo.</strong></span> <span class='ocrx_word' id='word_1_419' title='bbox 2065 4435 2170 4516; x_wconf 88' lang='lat' dir='ltr'><strong>Atque</strong></span> 
     </span>
     <span class='ocr_line' id='line_1_37' title="bbox 428 4531 2169 4618; baseline 0.001 -21"><span class='ocrx_word' id='word_1_420' title='bbox 428 4531 511 4598; x_wconf 89' lang='lat' dir='ltr'><strong>hanc</strong></span> <span class='ocrx_word' id='word_1_421' title='bbox 531 4534 625 4599; x_wconf 90' lang='lat' dir='ltr'><strong>etiam</strong></span> <span class='ocrx_word' id='word_1_422' title='bbox 647 4531 687 4598; x_wconf 96' lang='lat' dir='ltr'><strong>ob</strong></span> <span class='ocrx_word' id='word_1_423' title='bbox 716 4549 858 4598; x_wconf 61' lang='lat' dir='ltr'><strong>causum</strong></span> <span class='ocrx_word' id='word_1_424' title='bbox 879 4531 1042 4614; x_wconf 91' lang='lat' dir='ltr'><strong>utriusque</strong></span> <span class='ocrx_word' id='word_1_425' title='bbox 1063 4533 1228 4600; x_wconf 90' lang='lat' dir='ltr'><strong>illustriss:</strong></span> <span class='ocrx_word' id='word_1_426' title='bbox 1253 4534 1409 4618; x_wconf 89' lang='lat' dir='ltr'><strong>Principis</strong></span> <span class='ocrx_word' id='word_1_427' title='bbox 1427 4552 1524 4618; x_wconf 92' lang='lat' dir='ltr'><strong>opera</strong></span> <span class='ocrx_word' id='word_1_428' title='bbox 1543 4533 1729 4602; x_wconf 87' lang='lat' dir='ltr'><strong>Academiae</strong></span> <span class='ocrx_word' id='word_1_429' title='bbox 1759 4534 1939 4601; x_wconf 84' lang='lat' dir='ltr'><strong>reformatio</strong></span> <span class='ocrx_word' id='word_1_430' title='bbox 1960 4539 2107 4617; x_wconf 86' lang='lat' dir='ltr'><strong>suscepta</strong></span> <span class='ocrx_word' id='word_1_431' title='bbox 2134 4539 2169 4599; x_wconf 90' lang='lat' dir='ltr'><strong>et</strong></span> 
     </span>
    </p>
   </div>
   <div class='ocr_carea' id='block_1_4' title="bbox 429 4632 2275 4718">
    <p class='ocr_par' dir='ltr' id='par_1_6' title="bbox 429 4632 2275 4718">
     <span class='ocr_line' id='line_1_38' title="bbox 429 4632 2275 4718; baseline 0.001 -20"><span class='ocrx_word' id='word_1_432' title='bbox 429 4649 511 4698; x_wconf 89' lang='lat' dir='ltr'><strong>anno</strong></span> <span class='ocrx_word' id='word_1_433' title='bbox 531 4633 643 4699; x_wconf 88' lang='lat' dir='ltr'><strong>abhinc</strong></span> <span class='ocrx_word' id='word_1_434' title='bbox 664 4632 902 4714; x_wconf 88' lang='lat' dir='ltr'><strong>quadragesimo</strong></span> <span class='ocrx_word' id='word_1_435' title='bbox 923 4634 1031 4716; x_wconf 90' lang='lat' dir='ltr'><strong>quinto</strong></span> <span class='ocrx_word' id='word_1_436' title='bbox 1050 4633 1189 4716; x_wconf 78' lang='lat' dir='ltr'><strong>perfecta</strong></span> <span class='ocrx_word' id='word_1_437' title='bbox 1207 4638 1273 4718; x_wconf 91' lang='lat' dir='ltr'><strong>est,</strong></span> <span class='ocrx_word' id='word_1_438' title='bbox 1301 4634 1519 4702; x_wconf 84' lang='lat' dir='ltr'><strong>Professorum</strong></span> <span class='ocrx_word' id='word_1_439' title='bbox 1540 4635 1705 4718; x_wconf 83' lang='lat' dir='ltr'><strong>solariis*)</strong></span> <span class='ocrx_word' id='word_1_440' title='bbox 1731 4633 1924 4701; x_wconf 87' lang='lat' dir='ltr'><strong>auctioribus</strong></span> <span class='ocrx_word' id='word_1_441' title='bbox 1950 4635 2085 4700; x_wconf 90' lang='lat' dir='ltr'><strong>redditis</strong></span> <span class='ocrx_word' id='word_1_442' title='bbox 2104 4651 2171 4698; x_wconf 93' lang='lat' dir='ltr'><strong>am·</strong></span> <span class='ocrx_word' id='word_1_443' title='bbox 2271 4641 2275 4650; x_wconf 90' lang='grc'><strong>’</strong></span> 
     </span>
    </p>
   </div>
   <div class='ocr_carea' id='block_1_5' title="bbox 429 4731 2171 5418">
    <p class='ocr_par' dir='ltr' id='par_1_7' title="bbox 429 4731 2171 5418">
     <span class='ocr_line' id='line_1_39' title="bbox 429 4731 2168 4819; baseline 0.001 -21"><span class='ocrx_word' id='word_1_444' title='bbox 429 4731 636 4816; x_wconf 88' lang='lat' dir='ltr'><strong>plilioatisque</strong></span> <span class='ocrx_word' id='word_1_445' title='bbox 656 4733 735 4798; x_wconf 88' lang='lat' dir='ltr'><strong>adeo</strong></span> <span class='ocrx_word' id='word_1_446' title='bbox 755 4732 950 4800; x_wconf 87' lang='lat' dir='ltr'><strong>Academicis</strong></span> <span class='ocrx_word' id='word_1_447' title='bbox 972 4733 1144 4816; x_wconf 89' lang='lat' dir='ltr'><strong>reditibus,</strong></span> <span class='ocrx_word' id='word_1_448' title='bbox 1164 4739 1214 4818; x_wconf 94' lang='lat' dir='ltr'><strong>ut,</strong></span> <span class='ocrx_word' id='word_1_449' title='bbox 1236 4753 1316 4818; x_wconf 91' lang='lat' dir='ltr'><strong>quos</strong></span> <span class='ocrx_word' id='word_1_450' title='bbox 1337 4740 1433 4801; x_wconf 85' lang='lat' dir='ltr'><strong>antea</strong></span> <span class='ocrx_word' id='word_1_451' title='bbox 1454 4735 1651 4819; x_wconf 78' lang='lat' dir='ltr'><strong>quorumdam</strong></span> <span class='ocrx_word' id='word_1_452' title='bbox 1671 4734 1864 4817; x_wconf 82' lang='lat' dir='ltr'><strong>negligentia</strong></span> <span class='ocrx_word' id='word_1_453' title='bbox 1890 4751 1972 4818; x_wconf 91' lang='lat' dir='ltr'><strong>pene</strong></span> <span class='ocrx_word' id='word_1_454' title='bbox 1991 4734 2168 4818; x_wconf 86' lang='lat' dir='ltr'><strong>disipasset,</strong></span> 
     </span>
     <span class='ocr_line' id='line_1_40' title="bbox 430 4831 2168 4918; baseline -0.001 -18"><span class='ocrx_word' id='word_1_455' title='bbox 430 4833 452 4900; x_wconf 94' lang='lat' dir='ltr'><strong>ii</strong></span> <span class='ocrx_word' id='word_1_456' title='bbox 472 4834 599 4898; x_wconf 74' lang='lat' dir='ltr'><strong>matun</strong></span> <span class='ocrx_word' id='word_1_457' title='bbox 619 4831 787 4914; x_wconf 91' lang='lat' dir='ltr'><strong>prudentia</strong></span> <span class='ocrx_word' id='word_1_458' title='bbox 805 4838 839 4898; x_wconf 91' lang='lat' dir='ltr'><strong>et</strong></span> <span class='ocrx_word' id='word_1_459' title='bbox 852 4833 976 4915; x_wconf 91' lang='lat' dir='ltr'><strong>optimis</strong></span> <span class='ocrx_word' id='word_1_460' title='bbox 997 4833 1173 4900; x_wconf 90' lang='lat' dir='ltr'><strong>rationibus</strong></span> <span class='ocrx_word' id='word_1_461' title='bbox 1194 4834 1407 4902; x_wconf 89' lang='lat' dir='ltr'><strong>administrati</strong></span> <span class='ocrx_word' id='word_1_462' title='bbox 1423 4835 1517 4918; x_wconf 85' lang='lat' dir='ltr'><strong>longo</strong></span> <span class='ocrx_word' id='word_1_463' title='bbox 1532 4835 1727 4902; x_wconf 84' lang='lat' dir='ltr'><strong>excreverint</strong></span> <span class='ocrx_word' id='word_1_464' title='bbox 1740 4833 1876 4918; x_wconf 80' lang='lat' dir='ltr'><strong>uberim,</strong></span> <span class='ocrx_word' id='word_1_465' title='bbox 1895 4833 1984 4916; x_wconf 89' lang='lat' dir='ltr'><strong>adeo,</strong></span> <span class='ocrx_word' id='word_1_466' title='bbox 2003 4839 2040 4898; x_wconf 90' lang='lat' dir='ltr'><strong>ut</strong></span> <span class='ocrx_word' id='word_1_467' title='bbox 2049 4832 2168 4899; x_wconf 90' lang='lat' dir='ltr'><strong>multae</strong></span> 
     </span>
     <span class='ocr_line' id='line_1_41' title="bbox 430 4931 2169 5019; baseline 0.001 -21"><span class='ocrx_word' id='word_1_468' title='bbox 430 4931 617 4999; x_wconf 91' lang='lat' dir='ltr'><strong>Academiae</strong></span> <span class='ocrx_word' id='word_1_469' title='bbox 636 4931 716 4996; x_wconf 89' lang='lat' dir='ltr'><strong>aliae</strong></span> <span class='ocrx_word' id='word_1_470' title='bbox 736 4931 796 4998; x_wconf 88' lang='lat' dir='ltr'><strong>hac</strong></span> <span class='ocrx_word' id='word_1_471' title='bbox 815 4933 848 4997; x_wconf 93' lang='lat' dir='ltr'><strong>in</strong></span> <span class='ocrx_word' id='word_1_472' title='bbox 869 4939 960 5014; x_wconf 89' lang='lat' dir='ltr'><strong>parte</strong></span> <span class='ocrx_word' id='word_1_473' title='bbox 971 4933 1143 5014; x_wconf 86' lang='lat' dir='ltr'><strong>inferiores,</strong></span> <span class='ocrx_word' id='word_1_474' title='bbox 1166 4951 1259 5016; x_wconf 88' lang='lat' dir='ltr'><strong>pares</strong></span> <span class='ocrx_word' id='word_1_475' title='bbox 1271 4953 1391 5019; x_wconf 88' lang='lat' dir='ltr'><strong>paucae</strong></span> <span class='ocrx_word' id='word_1_476' title='bbox 1405 4934 1606 5002; x_wconf 83' lang='lat' dir='ltr'><strong>inveniantur</strong></span> <span class='ocrx_word' id='word_1_477' title='bbox 1619 4934 1655 5000; x_wconf 92' lang='lat' dir='ltr'><strong>in</strong></span> <span class='ocrx_word' id='word_1_478' title='bbox 1665 4934 1842 5002; x_wconf 87' lang='lat' dir='ltr'><strong>Germania.</strong></span> <span class='ocrx_word' id='word_1_479' title='bbox 1882 4933 1960 4999; x_wconf 92' lang='lat' dir='ltr'><strong>Post</strong></span> <span class='ocrx_word' id='word_1_480' title='bbox 1970 4931 2169 5000; x_wconf 80' lang='lat' dir='ltr'><strong>wilhelmum</strong></span> 
     </span>
     <span class='ocr_line' id='line_1_42' title="bbox 430 5031 2169 5118; baseline -0.001 -19"><span class='ocrx_word' id='word_1_481' title='bbox 430 5039 572 5115; x_wconf 87' lang='lat' dir='ltr'><strong>patrem,</strong></span> <span class='ocrx_word' id='word_1_482' title='bbox 602 5049 671 5096; x_wconf 91' lang='lat' dir='ltr'><strong>cum</strong></span> <span class='ocrx_word' id='word_1_483' title='bbox 692 5031 839 5098; x_wconf 91' lang='lat' dir='ltr'><strong>defuncto</strong></span> <span class='ocrx_word' id='word_1_484' title='bbox 860 5033 1017 5100; x_wconf 92' lang='lat' dir='ltr'><strong>Ludovico</strong></span> <span class='ocrx_word' id='word_1_485' title='bbox 1040 5033 1167 5100; x_wconf 87' lang='lat' dir='ltr'><strong>Seniorc</strong></span> <span class='ocrx_word' id='word_1_486' title='bbox 1188 5033 1259 5116; x_wconf 91' lang='lat' dir='ltr'><strong>piae</strong></span> <span class='ocrx_word' id='word_1_487' title='bbox 1287 5034 1453 5100; x_wconf 84' lang='lat' dir='ltr'><strong>memoriae</strong></span> <span class='ocrx_word' id='word_1_488' title='bbox 1473 5035 1652 5102; x_wconf 88' lang='lat' dir='ltr'><strong>Ludovicus</strong></span> <span class='ocrx_word' id='word_1_489' title='bbox 1673 5034 1796 5118; x_wconf 75' lang='lat' dir='ltr'><strong>iunior,</strong></span> <span class='ocrx_word' id='word_1_490' title='bbox 1817 5032 1991 5099; x_wconf 87' lang='lat' dir='ltr'><strong>Hessorum</strong></span> <span class='ocrx_word' id='word_1_491' title='bbox 2009 5031 2169 5115; x_wconf 85' lang='lat' dir='ltr'><strong>Princeps,</strong></span> 
     </span>
     <span class='ocr_line' id='line_1_43' title="bbox 432 5129 2170 5216; baseline -0.001 -17"><span class='ocrx_word' id='word_1_492' title='bbox 432 5130 606 5199; x_wconf 87' lang='lat' dir='ltr'><strong>Giesseneis</strong></span> <span class='ocrx_word' id='word_1_493' title='bbox 622 5129 810 5198; x_wconf 88' lang='lat' dir='ltr'><strong>Academiae</strong></span> <span class='ocrx_word' id='word_1_494' title='bbox 830 5131 980 5198; x_wconf 81' lang='lat' dir='ltr'><strong>minator</strong></span> <span class='ocrx_word' id='word_1_495' title='bbox 1000 5132 1118 5199; x_wconf 88' lang='lat' dir='ltr'><strong>reditus</strong></span> <span class='ocrx_word' id='word_1_496' title='bbox 1139 5133 1289 5216; x_wconf 90' lang='lat' dir='ltr'><strong>quosdam</strong></span> <span class='ocrx_word' id='word_1_497' title='bbox 1309 5133 1380 5200; x_wconf 93' lang='lat' dir='ltr'><strong>huic</strong></span> <span class='ocrx_word' id='word_1_498' title='bbox 1393 5140 1521 5202; x_wconf 90' lang='lat' dir='ltr'><strong>nostrae</strong></span> <span class='ocrx_word' id='word_1_499' title='bbox 1537 5134 1697 5202; x_wconf 88' lang='lat' dir='ltr'><strong>detractos</strong></span> <span class='ocrx_word' id='word_1_500' title='bbox 1711 5135 1745 5200; x_wconf 90' lang='lat' dir='ltr'><strong>in</strong></span> <span class='ocrx_word' id='word_1_501' title='bbox 1761 5152 1874 5200; x_wconf 85' lang='lat' dir='ltr'><strong>novam</strong></span> <span class='ocrx_word' id='word_1_502' title='bbox 1897 5151 1988 5198; x_wconf 89' lang='lat' dir='ltr'><strong>suam</strong></span> <span class='ocrx_word' id='word_1_503' title='bbox 2001 5133 2170 5199; x_wconf 86' lang='lat' dir='ltr'><strong>avertisset</strong></span> 
     </span>
     <span class='ocr_line' id='line_1_44' title="bbox 432 5229 2170 5320; baseline 0 -22"><span class='ocrx_word' id='word_1_504' title='bbox 432 5231 586 5314; x_wconf 87' lang='lat' dir='ltr'><strong>scholam,</strong></span> <span class='ocrx_word' id='word_1_505' title='bbox 612 5229 796 5313; x_wconf 86' lang='lat' dir='ltr'><strong>Mauritius,</strong></span> <span class='ocrx_word' id='word_1_506' title='bbox 817 5249 898 5314; x_wconf 89' lang='lat' dir='ltr'><strong>quae</strong></span> <span class='ocrx_word' id='word_1_507' title='bbox 925 5249 1026 5316; x_wconf 90' lang='lat' dir='ltr'><strong>nuper</strong></span> <span class='ocrx_word' id='word_1_508' title='bbox 1048 5233 1214 5318; x_wconf 89' lang='lat' dir='ltr'><strong>amiserat,</strong></span> <span class='ocrx_word' id='word_1_509' title='bbox 1244 5233 1438 5318; x_wconf 89' lang='lat' dir='ltr'><strong>rependebat</strong></span> <span class='ocrx_word' id='word_1_510' title='bbox 1456 5253 1608 5320; x_wconf 89' lang='lat' dir='ltr'><strong>perquam</strong></span> <span class='ocrx_word' id='word_1_511' title='bbox 1627 5233 1813 5318; x_wconf 88' lang='lat' dir='ltr'><strong>hberahter,</strong></span> <span class='ocrx_word' id='word_1_512' title='bbox 1840 5237 1967 5316; x_wconf 85' lang='lat' dir='ltr'><strong>etpost</strong></span> <span class='ocrx_word' id='word_1_513' title='bbox 1987 5231 2170 5301; x_wconf 85' lang='lat' dir='ltr'><strong>Mauritium</strong></span> 
     </span>
     <span class='ocr_line' id='line_1_45' title="bbox 433 5330 2171 5418; baseline 0 -20"><span class='ocrx_word' id='word_1_514' title='bbox 433 5331 588 5414; x_wconf 87' lang='lat' dir='ltr'><strong>Georgius</strong></span> <span class='ocrx_word' id='word_1_515' title='bbox 609 5330 743 5397; x_wconf 88' lang='lat' dir='ltr'><strong>Hassiae</strong></span> <span class='ocrx_word' id='word_1_516' title='bbox 763 5331 979 5414; x_wconf 87' lang='lat' dir='ltr'><strong>Landgravios</strong></span> <span class='ocrx_word' id='word_1_517' title='bbox 1001 5331 1152 5400; x_wconf 85' lang='lat' dir='ltr'><strong>Giesseno</strong></span> <span class='ocrx_word' id='word_1_518' title='bbox 1172 5333 1293 5417; x_wconf 86' lang='lat' dir='ltr'><strong>Lycaeo</strong></span> <span class='ocrx_word' id='word_1_519' title='bbox 1312 5331 1522 5418; x_wconf 84' lang='lat' dir='ltr'><strong>Marpurgum</strong></span> <span class='ocrx_word' id='word_1_520' title='bbox 1547 5335 1720 5418; x_wconf 88' lang='lat' dir='ltr'><strong>translato,</strong></span> <span class='ocrx_word' id='word_1_521' title='bbox 1747 5351 1811 5401; x_wconf 92' lang='lat' dir='ltr'><strong>non</strong></span> <span class='ocrx_word' id='word_1_522' title='bbox 1837 5333 1950 5400; x_wconf 89' lang='lat' dir='ltr'><strong>minori</strong></span> <span class='ocrx_word' id='word_1_523' title='bbox 1968 5333 2035 5417; x_wconf 87' lang='lat' dir='ltr'><strong>jam</strong></span> <span class='ocrx_word' id='word_1_524' title='bbox 2053 5331 2115 5400; x_wconf 85' lang='lat' dir='ltr'><strong>ide</strong></span> <span class='ocrx_word' id='word_1_525' title='bbox 2136 5340 2171 5398; x_wconf 90' lang='lat' dir='ltr'><strong>et</strong></span> 
     </span>
    </p>
   </div>
   <div class='ocr_carea' id='block_1_6' title="bbox 536 5619 1477 5690">
    <p class='ocr_par' dir='ltr' id='par_1_8' title="bbox 536 5619 1477 5690">
     <span class='ocr_line' id='line_1_46' title="bbox 536 5619 1477 5690; baseline 0.002 -14"><span class='ocrx_word' id='word_1_526' title='bbox 536 5619 564 5690; x_wconf 88' lang='lat'><strong>*)</strong></span> <span class='ocrx_word' id='word_1_527' title='bbox 582 5621 642 5678; x_wconf 86' lang='lat' dir='ltr'><strong>Hac</strong></span> <span class='ocrx_word' id='word_1_528' title='bbox 660 5620 748 5678; x_wconf 87' lang='lat' dir='ltr'><strong>iorrna</strong></span> <span class='ocrx_word' id='word_1_529' title='bbox 765 5619 916 5677; x_wconf 87' lang='lat' dir='ltr'><strong>recentiore</strong></span> <span class='ocrx_word' id='word_1_530' title='bbox 934 5637 986 5690; x_wconf 90' lang='lat' dir='ltr'><strong>pro</strong></span> <span class='ocrx_word' id='word_1_531' title='bbox 1006 5621 1105 5678; x_wconf 85' lang='lat' dir='ltr'><strong>usitata</strong></span> <span class='ocrx_word' id='word_1_532' title='bbox 1122 5622 1256 5679; x_wconf 65' lang='lat' dir='ltr'><strong>colonum</strong></span> <span class='ocrx_word' id='word_1_533' title='bbox 1275 5621 1315 5679; x_wconf 92' lang='lat' dir='ltr'><strong>uti</strong></span> <span class='ocrx_word' id='word_1_534' title='bbox 1333 5621 1406 5680; x_wconf 85' lang='lat' dir='ltr'><strong>solat</strong></span> <span class='ocrx_word' id='word_1_535' title='bbox 1422 5621 1477 5679; x_wconf 75' lang='lat' dir='ltr'><strong>ml.</strong></span> 
     </span>
    </p>
   </div>
   <div class='ocr_carea' id='block_1_7' title="bbox 0 0 2772 6981">
    <p class='ocr_par' dir='ltr' id='par_1_9' title="bbox 0 0 2772 6981">
     <span class='ocr_line' id='line_1_47' title="bbox 0 0 2772 6981; baseline 0 0"><span class='ocrx_word' id='word_1_536' title='bbox 0 0 2772 6981; x_wconf 95' lang='lat' dir='ltr'><strong> </strong></span> 
     </span>
    </p>
   </div>
  </div>
 </body>
</html>
