5534 6984
609 807 657 875 80

610 1010 814 1089 obscuritate,
836 1006 893 1072 sed
914 1005 1051 1070 utilitate
1070 1005 1236 1088 praecipue
1257 1004 1290 1070 iu
1311 1004 1462 1086 Rempob.
1484 1005 1652 1072 derivanda
1673 1009 1848 1074 metiretur.
1898 1010 2036 1093 Ideoque
2056 1012 2116 1078 huc
2137 1014 2341 1093 cogitationes

609 1128 683 1177 suas
705 1126 768 1173 non
787 1105 884 1172 veluti
906 1104 946 1170 ad
967 1105 1130 1188 parvulam
1151 1103 1361 1186 Cynosuram,
1392 1106 1447 1170 sed
1472 1105 1513 1171 ad
1534 1106 1660 1172 Helicen
1687 1113 1719 1173 et
1740 1109 1928 1176 clarissimos
1950 1112 2183 1193 Septentriones
2203 1112 2341 1193 dirigens

608 1207 836 1289 Philosophiam
857 1207 956 1289 ipsam
978 1211 1011 1272 et
1031 1205 1295 1271 artemhledicam
1311 1210 1379 1270 tum
1400 1206 1482 1287 apud
1497 1205 1647 1287 Livones,
1668 1208 1809 1273 Rutenos
1828 1215 1862 1275 et
1882 1210 1914 1274 in
1931 1212 2103 1293 principum
2115 1212 2341 1295 Megalopyrgi·

607 1329 710 1376 corum
732 1308 846 1373 ducatu
876 1312 908 1372 et
933 1306 1022 1389 ama,
1049 1310 1119 1371 tum
1144 1324 1217 1370 vero
1247 1306 1280 1371 in
1308 1305 1484 1370 Academiis
1512 1304 1738 1389 Rostochiana,
1770 1307 1988 1391 Merpurgensi
2017 1315 2051 1375 et
2080 1312 2208 1378 Jencnsi
2237 1313 2341 1377 docuit

606 1410 859 1492 publicanique
879 1405 1057 1488 Northusii,
1080 1403 1276 1471 Francofnrti
1296 1405 1337 1470 ad
1360 1402 1504 1468 Moenum
1525 1410 1558 1469 et
1578 1405 1710 1487 denique
1736 1408 1769 1471 in
1796 1410 1901 1489 patria
1928 1410 2064 1474 studium
2092 1412 2340 1493 industriamque

606 1527 695 1577 suam
715 1506 757 1573 ad
771 1508 930 1572 hominum
945 1505 1295 1571 valetudinemconsilio
1314 1508 1347 1569 et
1361 1520 1457 1584 opera
1475 1504 1645 1584 jnvandam
1666 1506 1808 1572 contulit.
1851 1509 1931 1586 Quin
1943 1512 1970 1589 ¹)
1991 1510 2033 1574 ad
2055 1514 2179 1575 exteras
2199 1512 2341 1576 nationes

605 1610 733 1675 transiit
754 1625 810 1689 per
829 1606 943 1687 Belgas
964 1605 1108 1670 videlicet
1127 1604 1168 1669 ad
1187 1603 1304 1685 Anglos
1332 1608 1365 1668 et
1393 1603 1433 1667 ab
1462 1603 1510 1667 his
1536 1622 1594 1684 per
1615 1602 1734 1669 Gallias
1764 1609 1998 1690 peregrinatus,
2022 1610 2154 1674 ltaliam
2175 1610 2341 1693 petiturus,

605 1711 666 1776 nisi
689 1710 723 1773 in
751 1708 890 1772 transitu
915 1705 1058 1770 Basileae
1094 1705 1126 1769 in
1155 1703 1294 1768 Graecos
1332 1702 1493 1767 incidisset
1525 1702 1681 1785 Mediam,
1725 1704 1964 1788 Hippocratem,
2004 1707 2172 1791 Galennm,
2209 1711 2340 1775 Paulum

604 1809 788 1890 Aeginetum
799 1812 830 1883 ²)
851 1810 885 1870 et
901 1803 1116 1869 Dioscoridem
1136 1803 1168 1866 in
1183 1802 1297 1866 Aldina
1319 1800 1444 1867 officina
1459 1802 1597 1868 Venetiis
1618 1822 1758 1869 excusos.
1800 1806 1849 1869 Ex
1867 1825 1927 1889 qno
1946 1826 2038 1888 porro
2058 1814 2196 1891 tempora
2214 1811 2339 1893 rejectis

605 1909 733 1976 medicis
753 1905 814 1971 illis
827 1904 979 1984 barbaris,
1001 1921 1078 1984 quos
1094 1902 1283 1967 novennium
1295 1908 1457 1983 sequutus,
1482 1902 1609 1968 Graecis
1622 1903 1683 1968 illis
1701 1922 1735 1968 sc
1756 1910 1856 1970 totum
1868 1907 1997 1989 addixit,
2017 1908 2143 1973 illorum
2155 1910 2339 1975 medicinam

604 2009 701 2075 variis
726 2008 760 2072 in
786 2005 860 2071 locis
888 2003 1026 2069 exercuit
1052 2001 1258 2083 postmodum.
1311 2003 1412 2080 Quum
1438 2003 1546 2083 itaque
1573 2003 1612 2066 iis
1637 2004 1804 2085 praecipue
1830 2006 1952 2071 artibus
1980 2011 2014 2071 et
2040 2008 2153 2073 studiis
2170 2009 2236 2089 jam
2256 2017 2339 2076 esset

606 2108 802 2186 notissimus,
821 2102 1043 2182 Franaofurto,
1065 2102 1120 2165 ubi
1141 2105 1207 2166 tum
1228 2101 1391 2183 physicum
1410 2102 1534 2183 agebat,
1553 2118 1573 2165 a
1590 2102 1733 2185 Philippo
1752 2102 1949 2185 Landgravio
1971 2126 2052 2172 anno
2064 2107 2216 2174 MDXLII
2231 2110 2336 2176 Calan.

604 2209 681 2275 Juffi
705 2206 908 2288 Marpurgnm
933 2202 974 2267 ad
1001 2202 1187 2267 Medicinam
1219 2200 1341 2281 publice
1373 2200 1543 2266 docendam
1573 2207 1717 2267 evocatus
1753 2205 1785 2267 in
1822 2223 1892 2269 eam
1917 2206 2054 2271 scholam
2088 2213 2155 2274 tum
2186 2214 2338 2292 temporis

604 2307 821 2388 Grunbergam
849 2302 1037 2368 translatam
1061 2299 1107 2364 Vl
1137 2299 1202 2365 Cal.
1230 2300 1308 2364 Nov.
1340 2299 1441 2381 venit,
1480 2318 1609 2381 cumque
1643 2301 1718 2366 nihil
1745 2306 2003 2388 praestantius³)
2033 2306 2205 2391 judicaret,
2244 2328 2337 2391 quam

602 2409 752 2491 optimum
773 2404 853 2469 artis
874 2403 1031 2468 doctorem
1043 2399 1266 2482 Hippocratem
1287 2399 1321 2463 in
1341 2399 1443 2463 lucem
1463 2418 1618 2483 revocare,
1640 2401 1772 2467 eundem
1793 2404 1825 2468 in
1848 2422 1906 2469 sua
1929 2406 2048 2488 lingna,
2068 2406 2336 2493 honestarum,

602 2507 785 2591 praelegere
812 2519 994 2584 aggressus,
1029 2506 1191 2581 artemque
1218 2499 1369 2564 medicam
1392 2500 1589 2583 postquum
1613 2502 1773 2582 exquisitis
1801 2504 2023 2570 traditionibus
2051 2514 2259 2589 persequutus
2289 2520 2337 2577 est

602 2613 636 2674 et
656 2604 842 2671 Academiae
864 2602 984 2667 clavum
997 2600 1138 2665 Rectoris
1158 2599 1312 2681 dignitate
1331 2598 1397 2663 Cal.
1417 2599 1493 2664 Julii
1514 2618 1595 2665 anno
1610 2600 1778 2667 MDXLIH
1799 2609 1911 2669 auctus
1933 2606 2034 2670 tenuit
2044 2608 2082 2689 ⁴).
2126 2610 2335 2692 Caeteroquin

601 2725 665 2772 non
684 2705 787 2769 minus
807 2702 911 2783 libris,
939 2718 1032 2782 quam
1055 2700 1199 2765 humanis
1220 2700 1401 2780 corporibus
1422 2698 1556 2764 medieas
1578 2699 1720 2766 adhibuit
1747 2720 1870 2785 manua,
1898 2704 1970 2768 dum
1998 2710 2055 2770 ant
2075 2708 2199 2773 eosdem
2220 2711 2282 2775 situ
2302 2719 2335 2776 et

600 2804 737 2872 tenebris
757 2802 895 2884 sepultos
915 2801 996 2867 eruit
1017 2805 1050 2864 et
1070 2818 1088 2863 e
1108 2798 1228 2864 Graeco
1249 2800 1281 2863 in
1301 2799 1449 2863 Latinum
1471 2816 1645 2864 sermonem
1669 2800 1829 2867 traductos
1856 2803 2041 2886 publicavit,
2078 2812 2133 2871 aut
2158 2811 2277 2876 mendis
2300 2820 2332 2877 et

599 2904 758 2973 amoribus
785 2900 955 2966 infuscatas
984 2900 1167 2980 repurgavit
1193 2904 1226 2963 et
1249 2899 1385 2979 pristino
1413 2898 1506 2962 nitori
1528 2900 1677 2964 restituit.
1727 2901 1832 2981 Atque
1845 2905 1875 2983 ὅ)
1898 2903 1945 2967 ita
1973 2905 2096 2985 quidem
2127 2908 2333 2993 aTheologis

599 3004 759 3071 veteribus
786 3000 969 3079 Basiliam,
1001 2998 1234 3079 Epiphaniam,
1266 2997 1524 3079 Chrysostcrnnm
1554 3003 1587 3062 et
1614 2999 1707 3081 ahos,
1739 3021 1757 3065 e
1783 3001 1912 3067 Medicis
1941 3003 2068 3069 Graecis
2096 3007 2333 3092 Hippocratem,

601 3105 778 3181 Gelonem,
807 3100 938 3165 Attium
957 3096 1086 3162 donavit
1104 3097 1196 3161 Latio
1214 3114 1251 3160 ac
1271 3103 1398 3178 praeter
1418 3096 1490 3161 illos
1510 3096 1647 3163 Medicas
1673 3104 1705 3163 et
1729 3100 1931 3183 Philosophos
1958 3121 2050 3184 quam
2074 3106 2221 3187 plurimos
2252 3110 2335 3176 fideli

599 3201 769 3270 illustravit
796 3217 891 3281 opera
920 3202 955 3264 et
981 3197 1084 3262 studio
1110 3194 1274 3262 indefesso.
1328 3194 1378 3260 Sic
1398 3197 1551 3262 Marcelli
1578 3198 1717 3264 authoris
1745 3202 1865 3282 antiqui
1894 3204 1933 3267 de
1962 3206 2066 3269 variis
2094 3208 2333 3277 medicamentis

600 3324 695 3386 opas,
727 3300 839 3366 Macri
860 3306 978 3381 paena
1003 3299 1042 3362 de
1065 3298 1193 3378 plantis
1221 3300 1253 3361 et
1272 3298 1387 3362 incerti
1408 3299 1576 3379 cnjnsdam
1596 3299 1742 3365 authoris
1768 3301 1875 3366 itidem
1903 3303 1941 3367 de
1967 3304 2110 3385 planctis,
2143 3309 2333 3377 animalium

593 3402 748 3486 partibus
768 3420 807 3467 ac
827 3406 931 3465 terrae
951 3397 1130 3480 speciebus:
1152 3397 1384 3479 Morbodciqne
1403 3398 1442 3462 de
1464 3398 1628 3479 lapidibus
1648 3402 1792 3465 coracina
1812 3401 1990 3466 emendavit
2009 3408 2041 3467 et
2055 3405 2138 3469 notis
2154 3406 2333 3475 illustravit.

598 3504 636 3568 In
657 3502 782 3566 Latium
802 3503 968 3580 praeterea
998 3515 1171 3562 sermonem
1200 3496 1341 3562 traduxit
1362 3497 1503 3563 Paulam
1524 3498 1711 3581 Aepiraetarn
1740 3500 1872 3581 adjectis
1897 3508 2015 3583 septem
2036 3502 2292 3573 Dolaberrornm
2304 3512 2333 3592 ⁶)

599 3603 709 3668 libris:
744 3599 816 3665 XX
842 3598 882 3665 dc
909 3598 1122 3680 Aprionitura
1151 3597 1250 3662 libros
1283 3596 1492 3663 Garatontiao
1515 3598 1650 3664 Caesari
1677 3602 1868 3681 inscriptae,
1901 3605 1933 3664 et
1954 3600 2145 3668 Adamantii
2165 3605 2334 3687 sophistae

593 3701 871 3785 ptysiopnomica:
904 3698 1073 3763 Parthenii
1109 3697 1225 3761 libram
1256 3697 1294 3761 de
1326 3695 1507 3762 Amatoriis
1539 3700 1775 3781 affectionibus,
1806 3700 1855 3765 eui
1886 3701 2052 3766 subnexuit
2084 3702 2267 3772 Orationem
2297 3710 2332 3773 in

598 3802 726 3866 laudem
748 3799 1030 3881 paeprinationts.
1076 3795 1219 3875 Denique
1240 3796 1487 3877 Epiprommato
1510 3797 1705 3864 Graecorum
1734 3818 1795 3864 non
1823 3817 1921 3880 pauca
1951 3805 2046 3882 atque
2066 3802 2271 3873 Dioscoridis
2294 3810 2332 3874 dc

597 3901 736 3966 materia
765 3898 889 3962 medico
915 3896 947 3961 V
971 3896 1023 3960 tib.
1055 3893 1290 3959 emblematibus
1321 3896 1458 3975 additis,
1496 3900 1529 3960 et
1560 3919 1658 3963 narem
1689 3899 1728 3963 de
1759 3899 1869 3964 bestiis
1899 3920 2050 3967 conatam
2088 3904 2330 3988 ejaculantibna

599 4002 735 4066 ulman
763 3997 802 4063 de
825 3994 996 4063 iemalibus
1021 3994 1274 4073 medicamentis,
1311 3993 1427 4074 quibus
1455 4013 1592 4060 annexae
1618 3997 1746 4081 Spaosii
1772 3998 1929 4081 Cyrenaei
1955 4002 2180 4085 expositiones,
2219 4006 2329 4072 Latina

698 4204 722 4268 1)
740 4201 816 4254 llaec
834 4213 943 4268 quoque
964 4212 1049 4265 usque
1067 4196 1103 4252 acl
1119 4195 1294 4266 postmodum
1311 4212 1346 4251 er
1362 4194 1460 4250 Adami
1478 4195 1548 4251 libro
1567 4200 1679 4267 margini
1698 4202 1828 4269 inscripta
1846 4208 1915 4256 sunt.

696 4290 722 4354 2)
739 4287 899 4354 dapinatcnt
918 4285 1028 4353 scripsit
1043 4282 1096 4339 Dil.
1123 4315 1154 4323 —
1182 4286 1208 4351 3)
1226 4286 1315 4339 Locus
1332 4283 1466 4351 imaginis.

694 4372 721 4437 4)
741 4368 800 4435 Quo
818 4385 887 4425 anno
905 4370 1053 4439 Marpurgo
1072 4369 1233 4440 decesserit,
1252 4372 1305 4425 Dil.
1322 4388 1375 4425 non
1391 4369 1475 4424 tradit
1491 4384 1579 4437 neque
1600 4378 1674 4427 certo
1686 4378 1799 4429 constat.
1834 4377 1903 4431 Nam
1914 4374 1986 4445 quod
2000 4377 2135 4432 Pistorius
2146 4394 2170 4433 a.
2184 4378 2330 4433 MDXLVI

598 4471 659 4511 eum
676 4454 882 4509 lhancofurtum
900 4456 1001 4510 abiisse
1018 4462 1121 4527 narrat,
1140 4472 1201 4511 cum
1213 4456 1284 4511 Albo
1303 4458 1411 4526 quidem
1429 4456 1584 4511 academico
1602 4459 1755 4513 consentire
1774 4461 1886 4532 videtur,
1906 4464 1933 4518 in
1952 4480 2005 4531 quo
2025 4464 2058 4517 ad
2077 4480 2175 4518 annum
2186 4464 2330 4519 MDXLVl

597 4544 664 4597 haec
682 4542 822 4611 leguntur:
840 4542 1009 4596 Abeuntibus
1027 4542 1183 4598 doctoribus
1202 4541 1336 4598 Censorio
1353 4551 1379 4597 et
1398 4542 1518 4598 Stndaeo
1534 4544 1739 4612 professoribus
1754 4550 1884 4617 princeps
1902 4551 1991 4603 noluit
2010 4551 2082 4603 alios
2099 4553 2257 4618 surrepat-i,
2282 4550 2330 4605 sed

597 4644 631 4684 aa
648 4628 720 4683 huuc
737 4627 887 4683 discessum
904 4634 1065 4697 perpetuum
1083 4629 1167 4683 fauisse
1187 4634 1348 4698 statuamus,
1367 4630 1456 4697 ipsum
1475 4628 1574 4683 Album
1593 4630 1774 4686 academicum
1792 4642 1877 4709 vetat,
1897 4652 1949 4705 quo
1969 4635 2126 4689 Camurium
2145 4650 2169 4689 a.
2182 4636 2330 4690 MDXLIX

598 4716 753 4771 doctoratus
770 4715 920 4783 insignibus
938 4714 1099 4769 Volcuinum
1109 4714 1247 4782 Vigelium
1265 4714 1386 4782 aliosque
1407 4715 1544 4769 ornavisae
1565 4713 1699 4771 docemur.
1735 4717 1831 4788 ltaque
1846 4722 1908 4789 jure
1927 4736 1975 4774 suo
1996 4721 2029 4775 de
2044 4722 2093 4775 illo
2112 4737 2181 4775 anno
2200 4722 2331 4777 dubitarit

596 4800 731 4871 Strieder,
755 4802 824 4869 ipsis
843 4801 965 4856 thesibus
988 4816 1011 4855 a.
1030 4800 1174 4853 MDXLlX
1198 4801 1279 4856 editis
1300 4816 1380 4868 usus;
1409 4800 1480 4869 quod
1507 4806 1598 4854 autem
1620 4818 1637 4855 a
1655 4802 1843 4873 Marpurgensi
1871 4807 1898 4860 in
1917 4807 2143 4860 Rostochiensem
2161 4808 2327 4863 academiam

596 4904 659 4943 eum
677 4890 817 4945 transiisse
834 4887 930 4956 tradit,
950 4888 1058 4956 egregie
1076 4886 1194 4952 fallitur;
1215 4903 1277 4942 nam
1296 4886 1436 4941 Rostochii
1457 4886 1485 4939 C.
1505 4887 1539 4939 ab
1558 4879 1627 4941 anuto
1647 4886 1781 4944 MDXXV
1803 4907 1888 4959 usque
1913 4890 1947 4946 ad
1969 4909 1992 4947 a.
2011 4892 2170 4947 MDXXVll
2191 4895 2329 4961 professor

597 4973 691 5029 fuerat
725 4975 764 5030 ct.
780 4974 904 5042 Krahbe,
923 4974 948 5027 d.
967 4974 1044 5028 Univ.
1062 4974 1182 5028 Rostocls
1200 4975 1237 5027 im
1258 4976 1295 5027 lb.
1314 4989 1340 5026 u.
1362 4976 1400 5027 16.
1418 4972 1513 5027 Jahrh.
1534 4972 1559 5044 1,
1582 4990 1607 5041 p.
1626 4976 1676 5028 378
1694 4992 1752 5044 sqq.
1797 4978 1871 5032 luter
1890 4979 2112 5047 Marpurgcnsem
2137 4987 2165 5034 et
2182 4981 2328 5036 lonensem

596 5061 739 5115 stationem
757 5060 967 5115 Zuickaviensis
983 5060 1152 5116 intercedere
1169 5059 1281 5113 videaur.
1317 5058 1347 5112 ln
1366 5058 1443 5112 acad.
1461 5058 1587 5127 Jensrrsi,
1607 5060 1702 5115 eodem
1720 5080 1803 5134 anno,
1823 5082 1875 5133 quo
1892 5065 1960 5119 obiit
1978 5064 2135 5134 Carnarius,
2162 5067 2329 5133 inaugurato,

597 5146 744 5204 secundum
761 5148 831 5201 inter
845 5147 996 5203 medicinae
1012 5148 1178 5215 professores
1197 5146 1312 5199 obtinuit
1328 5146 1430 5203 loevam:
1461 5145 1488 5198 in
1507 5161 1585 5215 quam
1602 5156 1762 5214 pervenerat
1786 5168 1809 5205 a.
1826 5151 1970 5218 MDLVll,
1993 5169 2045 5221 quo
2065 5154 2214 5207 orationem
2235 5153 2330 5207 codem

597 5250 667 5289 anno
686 5231 785 5286 editam
804 5233 906 5287 habuit

694 5320 720 5383 5)
739 5317 783 5370 Sic
802 5317 866 5384 Dil,
885 5319 932 5373 ubi
949 5324 997 5373 aut
1014 5317 1191 5371 delubrorum
1207 5324 1254 5372 aut
1272 5317 1468 5371 dolabellornm
1487 5317 1569 5383 (quod
1587 5319 1615 5371 in
1633 5317 1712 5373 titulo
1730 5318 1792 5372 libri
1810 5324 1907 5390 exstat)
1927 5324 2097 5381 scribendum
2118 5333 2183 5379 erat.

694 5404 724 5473 6)
743 5404 772 5457 ln
790 5404 956 5458 conficiendo
976 5404 1105 5459 librorum
1124 5403 1212 5459 indico
1229 5402 1282 5456 Dii.
1301 5419 1366 5457 usus
1384 5412 1427 5458 est
1446 5404 1590 5459 Boissardo
1609 5405 1626 5457 l.
1645 5403 1662 5459 l.
1682 5421 1708 5472 p.
1730 5408 1777 5458 165
1796 5420 1852 5473 sqq.
