5534 6984
2131 837 2178 908 bb

436 1029 505 1076 cum
531 1028 614 1076 auno
645 1011 762 1077 nemeis
782 1010 900 1076 decimo
928 1017 1040 1092 quarto
1066 1029 1194 1094 operam
1217 1011 1294 1078 dere
1315 1015 1452 1096 coeperit
1478 1015 1578 1082 literis
1596 1019 1732 1100 primum
1756 1019 1894 1087 disoemi
1922 1021 2110 1107 cupiditate,
2141 1043 2178 1092 eo

434 1115 601 1191 provectus
621 1111 673 1191 sit,
700 1116 737 1175 ut
758 1127 820 1177 non
853 1111 1006 1176 immerito
1034 1111 1117 1176 inter
1137 1111 1252 1192 primos
1274 1113 1340 1196 eJus
1362 1113 1477 1178 aetatis
1502 1113 1745 1194 iurisconsultus
1765 1117 1929 1186 habendus
1950 1121 2103 1206 videamur,
2124 1124 2178 1207 qui

430 1211 504 1293 jura
523 1209 626 1274 civilia
647 1227 667 1272 a
688 1209 807 1276 fecibus
827 1211 996 1276 Doctorum
1020 1210 1248 1292 repurgarent,
1269 1211 1317 1276 vir
1338 1210 1477 1294 proiecto
1498 1213 1648 1295 antiquae
1670 1214 1745 1281 fidei
1761 1221 1795 1283 ct
1815 1218 2009 1302 integritatis
2028 1239 2176 1289 summae.

435 1307 476 1392 [E
499 1310 604 1390 patria
627 1326 701 1376 vero
723 1309 830 1374 schola
841 1309 1070 1374 llouasterium
1087 1308 1348 1392 Westphalorum‚
1367 1310 1421 1377 ubi
1439 1315 1506 1376 tum
1526 1311 1619 1378 indus
1639 1312 1920 1402 bequentisaimns
1938 1321 2053 1387 missua
2072 1321 2178 1388 fumat

434 1415 469 1474 et
490 1409 561 1474 erin
575 1409 857 1490 Wittebergensem
877 1408 910 1472 in
923 1407 1126 1474 Academiam
1147 1408 1255 1474 abiens
1271 1409 1460 1491 Theologiae
1479 1409 1610 1478 dederat
1629 1431 1757 1495 operam
1770 1414 2023 1486 llclancbtbonis
2041 1419 2177 1487 auditor.

434 1507 498 1576 Sed
517 1527 588 1574 curu
608 1509 733 1591 ingenio
755 1525 812 1573 suo
840 1507 994 1590 aptiorem
1011 1507 1141 1574 duceret
1162 1507 1310 1575 medendi
1332 1508 1510 1592 seientiam,
1538 1510 1729 1578 Medicinam
1756 1515 1897 1581 amauit
1923 1516 2039 1584 ibidem
2056 1519 2113 1600 ite,
2139 1524 2178 1588 nt

433 1609 627 1676 licentiatus
656 1611 828 1673 mereretur
855 1606 1003 1673 honorem
1032 1612 1065 1672 et
1092 1607 1177 1672 inter
1198 1607 1346 1674 docentes
1373 1613 1537 1692 cooptatus
1557 1611 1673 1678 Rector
1699 1613 1784 1680 illius
1805 1614 1932 1682 ardiolae
1949 1615 2176 1699 designaretur.

433 1709 588 1774 &versus
611 1711 716 1773 autam
743 1707 776 1771 in
803 1707 939 1788 patriam
968 1705 1173 1789 Marpurgum
1202 1707 1341 1772 invisens
1371 1723 1470 1774 uxore
1497 1709 1594 1778 ducta
1620 1711 1716 1778 udae
1742 1714 2002 1798 anombergero
2029 1717 2176 1798 opulento

434 1810 500 1874 cive
521 1809 640 1888 relicta,
660 1807 693 1871 in
709 1806 860 1874 Senatum
878 1806 1002 1888 legitur,
1022 1811 1118 1888 atque
1139 1805 1198 1872 ime
1218 1807 1339 1872 ratione
1359 1806 1402 1871 ad
1414 1807 1503 1874 luris
1521 1810 1736 1878 consultorum
1755 1813 1852 1880 libros
1873 1832 2043 1882 corruamus
2063 1820 2177 1898 suopte

433 1907 537 1972 Marte
557 1923 594 1972 eo
614 1923 714 1987 usquc
735 1911 784 1972 est
802 1923 1002 1988 progressus,
1027 1909 1145 1971 utnon
1165 1904 1276 1971 solum
1287 1905 1393 1971 lirino
1413 1905 1550 1972 Homine
1569 1907 1763 1977 cancelario
1784 1912 1975 1996 probaretur
1996 1913 2175 1997 admodum,

434 2025 541 2074 verum
562 2005 656 2072 edam
675 2005 764 2071 luris
784 2003 945 2072 Professor
971 2002 1202 2088 designaretur]
1216 2004 1253 2086 ¹).
1302 2003 1380 2085 Ejus
1409 2011 1515 2071 anoem
1541 2006 1675 2090 effigiem
1702 2009 1851 2094 Paganus
1876 2011 1927 2079 bis
1955 2013 2177 2082 condecoravit

433 2104 588 2172 velitibus:

918 2201 992 2272 Quid
1008 2201 1198 2256 omeroburuta
1216 2203 1314 2256 tacitos
1331 2202 1361 2256 iu
1376 2202 1496 2271 impiere
1513 2204 1606 2260 uultus

952 2288 1039 2358 Fipr'e,
1057 2293 1083 2342 et
1101 2289 1214 2341 immota
1230 2293 1308 2342 stoue
1322 2286 1394 2356 pede
1413 2287 1497 2343 lector
1513 2289 1596 2344 bias?

915 2374 1017 2430 Daciae
1034 2374 1133 2429 mirari
1150 2374 1225 2428 cisoa
1242 2375 1267 2426 ai
1283 2374 1375 2442 spirat
1392 2372 1492 2429 odores

951 2459 1021 2514 Post
1035 2465 1149 2514 mortem
1167 2460 1239 2514 tanti
1252 2459 1331 2528 picto
1344 2458 1442 2529 fipure
1458 2461 1520 2514 oiri.

918 2545 994 2599 Talia
1012 2547 1082 2600 euim
1102 2545 1256 2600 Montanae
1274 2550 1333 2599 eret
1351 2544 1503 2600 quriue
1521 2545 1586 2599 oiim

948 2631 1082 2686 Juatitu'ue
1096 2646 1216 2700 praeces
1232 2629 1458 2700 praesidiumque
1476 2630 1598 2686 Sebctae.

918 2715 1002 2786 Quem
1019 2717 1089 2772 emti
1105 2731 1202 2783 morea,
1218 2731 1293 2772 meree
1309 2717 1425 2786 desupra,
1441 2715 1535 2786 pierio
1546 2717 1630 2785 jona,

950 2801 1144 2871 Pictorumque
1161 2817 1259 2858 manue
1277 2803 1403 2872 eripuere
1420 2816 1495 2872 rope.

1076 3100 1281 3168 Baithasur
1306 3101 1542 3184 Clammerus¹

1242 3227 1366 3298 Bojerua.

552 3397 611 3463 llic
630 3397 713 3462 inter
733 3393 987 3477 iureconsultos‚
1015 3395 1069 3478 qui
1094 3395 1168 3460 huic
1188 3396 1375 3463 Academiae
1397 3416 1525 3480 operam
1547 3405 1719 3481 natarunt,
1747 3397 1918 3466 secundum
1936 3398 2037 3466 locum
2059 3401 2171 3482 tenidt,

430 3495 589 3577 eBoJaria
602 3495 763 3562 oriundus.
802 3495 1012 3576 caeteroquin
1027 3495 1061 3560 in
1076 3494 1203 3560 Patriae
1216 3497 1385 3578 gymnasiis
1403 3496 1577 3562 liberaliter
1589 3499 1755 3564 institutus
1776 3502 1810 3563 et
1823 3497 1929 3579 abque
1946 3497 2013 3579 jam
2032 3499 2172 3564 imbutus

429 3613 533 3661 rerum
554 3613 621 3677 usu,
644 3612 716 3660 cum
736 3594 924 3690 innotuisset
943 3592 1121 3676 plurimum,
1142 3591 1318 3676 aPrincipe
1336 3595 1369 3660 in
1388 3594 1469 3662 hanc
1481 3594 1690 3678 Amderniam,
1710 3613 1803 3678 quam
1817 3595 1940 3678 aperire
1953 3596 2162 3662 constitueret

428 3699 576 3760 evocatus
595 3697 655 3775 est,
675 3696 713 3758 ut
733 3691 782 3776 iis,
801 3693 856 3775 qui
878 3691 920 3758 ad
938 3691 1021 3774 juris
1041 3691 1177 3758 studium
1200 3692 1397 3774 appulissent
1416 3694 1562 3776 animum,
1584 3699 1847 3762 commonstraret
1867 3694 1950 3760 viam
1963 3698 1997 3759 et
2010 3692 2052 3759 ed
2069 3692 2173 3759 fontes

428 3793 606 3860 intenderet
628 3792 768 3873 digitum.
811 3791 926 3858 Docuit
952 3795 1058 3857 autem
1085 3791 1259 3856 iustiniani
1278 3791 1428 3874 Inperat.
1450 3793 1685 3876 institutiones,
1712 3793 1809 3862 donec
1832 3791 1873 3858 ab
1894 3793 2030 3858 Ernesto
2049 3793 2171 3860 Lunae

427 3893 629 3974 burgensium
649 3893 737 3957 Duce
766 3891 799 3956 in
827 3891 1076 3958 consiliariorum
1103 3907 1266 3955 numerum
1293 3891 1467 3974 asscriptus
1492 3889 1611 3957 &dam
1636 3893 1731 3975 abiit,
1759 3891 1913 3974 susceptis
1941 3891 2030 3974 prius
2056 3892 2090 3957 in
2111 3891 2171 3960 bac

429 3991 597 4057 Amdemia
617 4009 699 4057 anno
721 3989 907 4056 MDXXXll
929 3989 966 4057 U.
993 3989 1023 4056 J.
1046 3989 1224 4069 licentiae,
1251 4005 1347 4070 quam
1368 3995 1500 4070 vocant,
1528 3988 1715 4074 bonoribus,
1745 3989 1809 4075 [vir
1828 3989 1993 4072 excedens,
2015 3991 2171 4074 sapientia

427 4097 461 4156 et
480 4091 606 4174 justitia
625 4095 802 4172 praestans.
846 4089 939 4157 Unde
960 4094 995 4156 et
1011 4089 1225 4156 cancellarius
1244 4088 1427 4155 declaratus
1448 4087 1556 4155 floruit
1573 4109 1690 4156 annum
1709 4089 1833 4158 maur
1852 4087 2028 4174 mim]
2039 4089 2071 4172 ²)
2090 4088 2171 4156 lato

426 4205 488 4270 que
507 4207 564 4256 suo
592 4187 757 4256 deiimctus
780 4194 831 4256 est
858 4187 971 4255 ibidem
998 4205 1094 4256 senex
1120 4185 1297 4254 admodum.
1344 4187 1488 4254 Hominis
1517 4191 1683 4258 memoriae
1710 4189 1787 4256 bace
1812 4188 2007 4256 conaemavit
2024 4187 2169 4272 Nigidius

427 4286 480 4352 iile
500 4285 647 4370 Senior⁸)
1079 4320 1081 4324 .

910 4393 1097 4450 Battbeaerua
1114 4393 1204 4448 matri
1223 4392 1392 4448 clamenus
1407 4399 1492 4463 prote
1507 4393 1606 4450 licea

945 4481 1021 4535 Pare
1033 4479 1096 4548 suit
1112 4484 1139 4534 et
1155 4477 1232 4546 juria
1249 4477 1398 4549 splendido
1411 4479 1495 4548 saera
1511 4479 1600 4547 Sum,

912 4565 1156 4634 Lemeburpe'acae
1172 4563 1221 4620 eod
1237 4569 1306 4634 poet
1321 4578 1351 4620 ee
1371 4563 1491 4620 budide't
1505 4565 1588 4620 auiae

945 4649 1103 4716 Facundue,
1118 4649 1250 4720 precam
1266 4651 1370 4721 inteper
1385 4656 1469 4720 atque
1479 4652 1556 4720 piae.

911 4737 987 4792 Huic
1005 4737 1147 4792 teuerstatt
1160 4751 1214 4805 per
1230 4735 1333 4790 multoe
1348 4737 1473 4806 praviter
1489 4751 1578 4792 mae

944 4824 1034 4891 Amce
1053 4821 1128 4877 Duci
1136 4819 1215 4890 fidus
1228 4821 1342 4890 profuit
1359 4821 1407 4876 ute
1423 4836 1481 4876 auo.

911 4908 1076 4978 Leupueeue
1093 4905 1202 4964 tuder»
1216 4907 1291 4962 aare
1307 4907 1448 4976 emersae
1464 4911 1491 4962 et
1506 4904 1587 4960 auru

946 4993 1073 5048 Naturae
1090 4993 1179 5061 cerat,
1189 4993 1290 5064 parauit
1306 4998 1389 5062 utque
1405 4991 1475 5046 Deo.

531 5245 559 5312 1)
578 5244 654 5310 Quae
672 5243 749 5299 unda
767 5243 932 5314 inclusimus,
950 5243 979 5300 in
996 5243 1117 5312 margine
1135 5241 1198 5298 libri
1217 5248 1315 5312 postea
1332 5240 1427 5298 addita
1443 5255 1478 5297 ax
1497 5240 1603 5301 Ademo
1620 5241 1746 5298 heum
1763 5241 1869 5298 ridetur
1886 5237 2030 5296 ltilicbiua.

529 5331 557 5397 2)
576 5328 659 5385 Uncia
680 5327 786 5386 inclusa
805 5329 858 5384 Dii.
877 5329 992 5398 margini
1016 5327 1154 5398 inscripsit
1177 5344 1211 5384 ex
1228 5327 1334 5384 Adana
1352 5328 1486 5398 daune,
1513 5328 1561 5396 qui
1578 5328 1639 5396 ipae
1656 5343 1723 5386 oeae
1743 5333 1787 5383 eet
1803 5323 2023 5383 Mehnebtbonia
2040 5323 2164 5380 oratiom

427 5413 460 5468 de
479 5415 596 5470 Ernesto
616 5413 740 5484 principa
757 5413 972 5484 Lunaeburpieo.
1008 5414 1093 5470 Plura
1111 5413 1145 5469 da
1165 5413 1315 5470 cunnus
1332 5415 1444 5470 eminet
1459 5413 1581 5469 Smieder
1598 5412 1634 5468 11.
1653 5429 1680 5482 p.
1697 5415 1749 5469 2⁰7
1765 5427 1824 5483 eea
1842 5418 1872 5470 et
1889 5411 1938 5468 VI.
1955 5427 1983 5482 p.
2001 5412 2053 5466 doti
2071 5424 2131 5480 sqq.

528 5501 558 5568 3)
576 5499 666 5556 Locus
683 5498 815 5569 imaginis.

1958 5598 2001 5662 ⁷·
