5534 6984
598 800 666 871 102

597 988 659 1057 Sed
682 990 714 1053 in
736 986 804 1068 eius
825 984 979 1051 tumulum
1002 983 1140 1050 iambus
1160 981 1320 1063 Micyllus:

1080 1079 1155 1152 Quid
1172 1079 1231 1136 stae
1248 1082 1355 1147 uiator,
1372 1086 1424 1135 aut
1440 1081 1508 1151 guid
1525 1082 1570 1139 iric
1588 1083 1796 1153 circumspicis?

1114 1167 1292 1223 annuamus
1309 1168 1383 1223 uatis
1401 1167 1534 1223 Hessici?

1079 1254 1131 1310 Oui
1148 1260 1246 1311 nosue
1262 1254 1377 1309 similem
1395 1254 1506 1323 actas¹)
1521 1254 1627 1309 nullum
1645 1254 1716 1319 nriit,

1111 1341 1171 1396 Nec
1186 1340 1253 1409 fors
1265 1338 1423 1409 Μέθην)
1440 1356 1563 1410 unquam
1576 1340 1657 1409 seret.

1080 1426 1225 1482 annuam
1242 1425 1351 1495 guidem
1368 1424 1457 1493 rides,
1478 1426 1526 1480 nbi
1544 1442 1608 1481 ossa
1624 1424 1743 1493 condita,

1113 1512 1270 1582 Ginerisaae
1285 1512 1456 1581 reliquiae⁸)
1472 1510 1575 1579 jacent.

1078 1598 1132 1655 Sed
1149 1615 1223 1654 meru
1240 1614 1397 1669 suprernnrn
1412 1603 1530 1668 propter
1548 1596 1652 1653 assidet
1667 1604 1784 1667 patrem,

1114 1684 1165 1741 Oui
1181 1685 1236 1741 soli
1254 1686 1298 1741 nic
1317 1689 1449 1755 operatrrs
1462 1683 1538 1752 fuit:

1084 1770 1137 1826 Ubi
1152 1772 1275 1827 intuetur
1293 1786 1411 1841 utrarum
1427 1771 1527 1841 ubique
1543 1770 1664 1841 gentiunt
1682 1775 1722 1823 est

1113 1856 1220 1913 Famae
1235 1857 1418 1927 receptantem
1435 1871 1508 1912 suae.

1213 2144 1465 2211 Theudoricus
1487 2146 1708 2211 Dorstenius

694 2327 829 2408 Philippi
854 2326 1028 2392 Medicinae
1054 2326 1200 2392 Doctoris
1229 2332 1263 2392 ct
1290 2326 1484 2392 Professoris
1513 2331 1619 2407 pater,
1655 2325 1781 2389 natione
1812 2323 2030 2405 Westphalus,
2066 2342 2162 2405 quum
2191 2327 2336 2407 tyrocinii

596 2428 706 2510 patriis
729 2428 762 2492 in
780 2427 950 2508 gymnasiis
971 2427 1128 2508 posuisset
1148 2425 1342 2507 rudimenta,
1363 2427 1396 2491 in
1417 2425 1563 2492 Hassiam
1584 2423 1754 2505 concessit,
1780 2422 1833 2489 ubi
1859 2441 1928 2489 cnm
1949 2423 2143 2489 substitisset
2165 2424 2281 2491 diutins
2303 2432 2336 2490 et

596 2529 629 2592 in
650 2526 875 2608 cognoscendis
896 2531 992 2607 atque
1012 2525 1186 2591 tractandis
1208 2524 1331 2590 artibus
1352 2524 1490 2590 studium
1511 2542 1601 2590 suum
1620 2524 1776 2607 posuisset
1790 2540 1890 2603 omne,
1912 2540 1981 2588 sesa
1997 2523 2125 2588 tandem
2143 2523 2184 2587 ad
2205 2524 2336 2590 docendi

596 2646 708 2693 munus
731 2626 854 2692 traduci
875 2643 1004 2708 passus,
1028 2625 1227 2707 juventutem
1247 2624 1380 2705 primum
1401 2624 1500 2691 veluti
1521 2624 1654 2690 trivialis
1677 2624 1825 2690 scientiae
1846 2624 1997 2705 magister
2019 2622 2144 2689 erudiit.
2187 2623 2230 2686 At
2251 2629 2336 2705 post-

595 2728 721 2793 modum
750 2725 909 2791 difficilimi
934 2724 1072 2789 muneris
1093 2730 1258 2806 pertaesus
1279 2725 1387 2791 relicto
1408 2725 1548 2804 scholae,
1576 2725 1609 2790 in
1634 2742 1696 2806 qua
1721 2724 1871 2789 hactenus
1900 2721 2087 2803 desudarat,
2117 2722 2262 2805 pulvere,
2294 2725 2334 2787 ad

597 2826 727 2892 docendi
748 2844 860 2890 munus
880 2823 1037 2908 publicum
1056 2824 1089 2888 in
1110 2824 1278 2890 Academia
1298 2824 1457 2906 adhaesit,
1487 2824 1689 2906 tandemque,
1718 2836 1813 2904 quum
1842 2821 2014 2888 Medicinae
2042 2822 2148 2888 studio
2176 2842 2209 2888 se
2238 2825 2335 2889 excel-

596 2926 759 2992 lentissimi
773 2925 890 3006 ingenii
899 2922 932 3006 ⁴)
955 2923 1046 2988 homo
1060 2923 1241 3004 dedidisset,
1262 2923 1309 2988 ita
1324 2923 1509 3006 elaboravit,
1529 2928 1566 2989 ut
1580 2941 1730 2989 summam
1741 2924 1824 2988 illius
1836 2924 1916 2989 artis
1931 2922 2071 2987 lauream
2084 2929 2334 3005 consequeretur,
2402 2912 2404 2916 ⁷

596 3026 758 3107 locumque
778 3024 881 3105 ipsum
904 3022 1058 3089 cassellas
1079 3024 1250 3089 accersitus
1271 3030 1399 3088 mumns
1420 3023 1607 3089 Medicinam
1618 3022 1651 3107 ³)
1680 3023 1824 3105 deinceps
1847 3040 1884 3088 ea
1904 3023 1938 3087 in
1960 3022 2040 3087 urbe
2062 3022 2137 3087 iecit
2159 3023 2335 3104 optimeque

599 3126 639 3191 de
660 3124 777 3191 civibus
805 3123 937 3189 meritus
961 3141 1042 3188 anno
1068 3122 1190 3188 MDLII
1217 3122 1294 3205 Maji
1311 3123 1402 3187 XIIX
1431 3122 1482 3188 die
1510 3123 1667 3188 extinctus
1694 3122 1817 3188 demum
1846 3126 1903 3188 est.
1956 3120 2100 3203 Nigidius
2128 3121 2175 3186 ita
2202 3120 2335 3188 hominis

597 3224 706 3291 laudes
729 3223 924 3289 decantavit:

1073 3322 1116 3376 Es
1133 3322 1197 3375 bene
1211 3323 1382 3390 promeritus
1399 3320 1432 3374 de
1448 3326 1545 3375 nostra
1564 3336 1645 3391 saepe
1659 3319 1783 3387 incertia,

1111 3406 1233 3461 Candide
1251 3408 1398 3472 Destinat,
1411 3406 1517 3475 fratris
1535 3412 1624 3460 aniate
1642 3406 1708 3461 ioco.

1084 3492 1211 3548 Vicimus
1226 3495 1368 3548 unanimes
1382 3510 1435 3563 per
1451 3493 1552 3547 sunites
1570 3494 1692 3547 urnrttrr
1709 3508 1804 3555 annos,

1110 3578 1187 3633 Dum
1205 3579 1313 3634 calidus
1327 3582 1437 3649 pariter
1455 3580 1569 3649 sangnis
1585 3580 1695 3647 scirique
1708 3578 1812 3647 suiv).

1081 3665 1149 3718 Tunc
1162 3667 1236 3720 uelrrt
1252 3667 1283 3720 in
1301 3667 1393 3722 stadio
1412 3666 1510 3721 celeres
1527 3666 1696 3720 decurrimus
1713 3664 1800 3731 ambo,

1115 3751 1263 3807 Traduntes
1278 3754 1376 3821 pueris
1392 3758 1548 3822 pransura
1562 3753 1657 3821 prima
1675 3752 1764 3806 amul.

1080 3838 1122 3891 Tu
1138 3854 1202 3893 uero
1221 3838 1330 3893 tandan
1342 3839 1440 3907 factus
1453 3837 1620 3907 prudentior
1640 3852 1707 3891 aene

1113 3924 1227 3993 Sceptra
1244 3925 1381 3993 reliquisti
1396 3925 1590 3994 pulverulenta
1608 3924 1721 3977 scholae.

1078 4010 1210 4065 Doctoris
1228 4011 1338 4065 titutum
1354 4012 1451 4065 merito
1471 4011 1521 4065 trlri
1539 4026 1654 4078 nantuac
1672 4009 1781 4063 uerendi

1114 4097 1258 4167 Gymnasii
1276 4099 1365 4152 nostri
1382 4098 1551 4151 corttrrlucerc
1566 4102 1669 4165 patres.

1079 4182 1149 4237 Inde
1168 4183 1256 4237 locum
1274 4190 1383 4237 mutans
1404 4182 1538 4237 cassellas
1555 4182 1607 4234 rite
1624 4186 1737 4234 necatus

1113 4268 1237 4324 Servasti
1252 4268 1358 4324 medica
1375 4285 1494 4338 conprora
1511 4267 1599 4320 ntulta
1613 4283 1703 4320 manu.

1078 4355 1222 4410 Irrstadilis
1233 4355 1355 4424 fertum
1371 4355 1420 4411 sed
1435 4361 1486 4421 cst,
1507 4369 1667 4423 paucosque
1682 4368 1733 4421 per
1750 4368 1837 4406 annos

1112 4440 1280 4510 Perpetuam
1297 4449 1389 4497 serrat
1406 4442 1511 4497 lubrica
1530 4440 1595 4493 diua
1607 4440 1699 4509 fidem.

1082 4526 1208 4596 Triginta
1224 4528 1357 4596 mquidem
1376 4528 1430 4593 bis,
1450 4529 1489 4581 sic
1505 4532 1591 4597 puto,
1611 4526 1742 4594 trunsmis
1756 4540 1851 4589 annos,

1114 4613 1238 4685 Atropos
1255 4621 1286 4669 ut
1303 4617 1388 4670 uitam
1405 4614 1518 4687 rupit²J
1538 4629 1627 4669 auara
1645 4613 1700 4667 titi.

696 4828 724 4897 l)
742 4825 797 4881 Dil.
816 4835 1001 4895 paratiorem
1019 4819 1110 4876 omisit
1127 4824 1223 4876 uirum.

696 4915 725 4982 2)
743 4911 870 4982 Micyllus
887 4909 1026 4962 Rensnero
1044 4910 1156 4962 auctora
1174 4906 1249 4961 dedit
1260 4908 1370 4976 sutura.

695 5001 723 5069 3)
739 4998 866 5068 Micyllus
882 4993 1032 5063 rediguiae.

695 5087 725 5154 4)
743 5085 832 5139 Locus
849 5079 981 5149 imaginis.

694 5173 724 5240 5)
740 5168 995 5237 Paedagogiarchae
1012 5178 1136 5234 munere,
1153 5163 1224 5234 quod
1243 5178 1267 5219 a
1287 5168 1353 5219 1539
1372 5172 1540 5235 susceperat,
1558 5181 1588 5222 se
1608 5166 1742 5222 abdicavit
1760 5182 1784 5221 a.
1805 5166 1884 5235 1549,
1902 5169 1973 5220 teste
1992 5162 2123 5219 Goelenio
2142 5166 2207 5216 orat.
2227 5160 2259 5214 de
2279 5158 2334 5213 vita

598 5258 671 5314 Petri
689 5256 798 5327 Nigidii.
831 5255 904 5309 Albo
921 5252 996 5309 acad.
1016 5252 1162 5319 inscriptus
1177 5256 1218 5305 est
1235 5266 1258 5306 a
1281 5255 1355 5322 1532,
1375 5251 1466 5308 addito
1484 5254 1591 5310 nomine
1608 5253 1734 5323 Magistri
1753 5251 1928 5307 Erturtensis.

695 5344 725 5413 6)
741 5341 865 5412 Nigidius
881 5339 942 5410 ipse
959 5339 1042 5395 habet
1055 5339 1138 5407 seret.

695 5432 725 5499 7)
742 5428 796 5484 Dil.
814 5427 883 5482 daho
903 5427 1013 5497 scripsit
1030 5425 1114 5496 rapit.
