5534 6984
539 775 561 844 8

663 962 776 1026 Vincta
806 965 912 1024 muron
941 957 989 1022 hic
1020 975 1081 1022 nou
1111 957 1229 1038 refero,
1259 975 1339 1039 quae
1370 956 1404 1022 in
1433 956 1549 1023 Hassis
1577 961 1704 1038 practer
1731 957 1817 1024 illam
1846 977 1950 1041 oram,
1979 983 2059 1045 quae
2084 966 2226 1032 Rhenum
2252 973 2283 1033 et

540 1060 704 1128 Werrharn
725 1059 865 1140 attingit,
886 1057 1017 1139 rariora,
1036 1057 1092 1123 sed
1116 1058 1181 1123 vini
1201 1076 1292 1122 usum
1314 1075 1377 1122 non
1399 1061 1505 1139 mccc,
1534 1057 1609 1139 quia
1630 1057 1774 1141 frequens
1795 1057 1845 1123 hie
1863 1064 1991 1140 propter
2010 1065 2110 1132 Rheni
2132 1068 2283 1145 viciniam,

540 1179 622 1244 quae
640 1161 759 1242 optima
781 1157 907 1224 abunde
927 1157 1108 1240 suppeditat
1129 1159 1211 1223 vina.

1024 1415 1089 1488 DE
1114 1413 1283 1486 FORMA
1307 1414 1367 1486 ΕΤ
1396 1412 1627 1486 OPERIBUS
1651 1413 1802 1487 URBIS.

664 1579 817 1662 Exposita
840 1577 910 1644 Situ
932 1595 1014 1642 nuuc
1036 1577 1174 1659 ejusdem
1192 1576 1396 1641 lustrabimus
1417 1578 1570 1641 Pbrraom
1592 1581 1625 1640 et
1651 1577 1778 1658 quidem
1800 1577 1953 1658 duplicem
1975 1595 2059 1659 eam,
2087 1589 2152 1646 tum
2174 1586 2284 1667 oedifi-

540 1685 668 1760 cc'orma,
691 1685 757 1745 tum
778 1695 853 1742 vero
867 1677 1083 1758 Reipublicae,
1115 1677 1262 1758 illamque
1273 1679 1450 1759 generatim
1465 1675 1522 1740 sub
1537 1675 1624 1740 urbis
1640 1677 1736 1757 icone,
1757 1679 1924 1758 speciatim
1936 1696 2013 1743 vero
2029 1679 2063 1742 in
2080 1679 2285 1765 descriptione

539 1788 573 1848 et
593 1779 803 1846 delineatione
825 1777 975 1859 cujusque
1003 1777 1114 1857 operis.
1157 1776 1365 1856 Caeteroquiu
1385 1775 1554 1840 secundum
1576 1776 1671 1840 situm
1691 1777 1813 1841 varium
1833 1778 1922 1842 varia
1943 1796 2066 1860 quoque
2088 1780 2154 1860 ejus
2175 1783 2283 1848 torma.

539 1882 621 1948 Nam
642 1899 699 1945 arx
719 1879 751 1942 in
774 1877 890 1941 montis
916 1877 1072 1957 prominet
1087 1877 1174 1958 jugo,
1196 1877 1246 1941 cui
1268 1874 1381 1940 deinde
1402 1893 1478 1956 pars
1503 1875 1644 1939 civitatis
1665 1876 1779 1956 potior,
1801 1876 1833 1939 in
1856 1896 1918 1958 qua
1939 1878 2088 1959 templum
2104 1881 2285 1960 parochiale

542 1981 683 2060 collegia,
705 1979 800 2055 curia,
821 1975 1170 2058 grammatophylacium
1192 1974 1350 2040 adhaeret.
1394 1975 1476 2039 Huic
1496 1980 1603 2038 autem
1625 1993 1642 2038 e
1663 1974 1763 2040 latere
1785 1976 1925 2058 subjacet
1939 1978 2022 2042 ricus
2036 1978 2148 2059 longus
2162 1979 2285 2046 horreis

540 2080 748 2163 pomariisque
767 2082 922 2142 constans.
966 2075 1045 2139 Pars
1064 2074 1164 2140 altera
1178 2075 1330 2157 bipartita
1350 2081 1400 2139 est
1419 2074 1451 2138 in
1472 2074 1604 2155 planicie
1613 2073 1642 2156 *l
1663 2080 1798 2154 angusta
1822 2077 1955 2158 quidem,
1978 2078 2033 2142 sed
2059 2096 2190 2142 arnoena
2213 2098 2285 2144 con-

541 2181 644 2246 tinens
669 2178 731 2243 duo
751 2175 907 2254 suburbia,
929 2173 1065 2238 altemrn
1090 2175 1257 2257 orientale,
1277 2174 1400 2239 nomine
1422 2172 1677 2257 hbenbetthouien,
1698 2180 1796 2255 ponte
1816 2174 1939 2256 lapideo
1960 2177 2077 2256 potiori
2096 2178 2181 2243 urbis
2200 2182 2285 2260 parti

541 2281 739 2363 conjunctum
760 2280 792 2340 et
814 2275 967 2355 insulare,
990 2292 1051 2355 quo
1074 2273 1495 2356 etiameonrprehenduntur
1517 2274 1577 2338 duo
1607 2274 1680 2355 rici,
1711 2277 1760 2340 bct
1782 2274 1879 2341 &tica
1899 2279 1957 2340 trab
1980 2275 2106 2354 abactas
2127 2277 2285 2360 appellati,

541 2386 574 2447 et
593 2375 838 2460 septentrionale
861 2375 1012 2453 alterum,
1033 2375 1120 2456 eujus
1139 2375 1198 2439 rici
1220 2375 1327 2456 platea
1349 2375 1403 2439 illa
1423 2375 1567 2439 acclivior
1589 2374 1742 2460 &tetrameg
1767 2375 1851 2440 dieta
1869 2382 1902 2440 et
1924 2376 2009 2440 urbis
2029 2395 2119 2458 pars,
2140 2396 2222 2460 quae
2244 2381 2285 2443 ab

540 2484 653 2546 eventu
681 2481 814 2540 vocatur
841 2473 885 2539 bie
910 2473 1086 2556 tlehethod),
1123 2477 1172 2538 cui
1200 2475 1349 2555 contigua
1379 2480 1428 2540 est
1459 2475 1625 2539 Teutonici
1649 2475 1766 2540 ordinis
1796 2475 1906 2540 domus
1934 2495 2003 2540 eum
2031 2480 2219 2543 monasterio
2247 2478 2283 2542 B.

540 2576 752 2644 Elisabethae.
798 2575 898 2652 Quam
921 2574 1007 2638 urbis
1028 2572 1160 2653 figuram
1183 2577 1215 2638 et
1236 2573 1379 2638 habitum
1406 2594 1475 2640 cum
1494 2574 1617 2640 homine
1640 2581 1747 2639 noster
1762 2574 1881 2639 confert
1896 2575 2175 2657 Hadamarius,*)
2198 2577 2285 2642 hiar-

539 2695 693 2762 purgum,
714 2675 875 2754 inquiens,
895 2692 958 2738 non
980 2674 1073 2737 aliter
1094 2680 1190 2754 atque
1212 2672 1302 2738 homo
1332 2675 1477 2755 princeps
1497 2678 1590 2754 eaput
1618 2675 1859 2755 erectissimum,
1888 2681 1983 2754 atque
2012 2675 2285 2743 enrineutissimum

541 2778 606 2844 suis
630 2774 779 2855 turribus
800 2777 837 2838 ut
858 2773 943 2853 regio
966 2773 1154 2852 diademate,
1179 2779 1363 2840 coronatum
1385 2774 1497 2853 habet,
1519 2791 1628 2854 nempe
1648 2793 1739 2855 quam
1761 2773 1958 2838 admiramini
1985 2775 2079 2839 toties
2100 2775 2286 2858 ἀκρόπολιν,

541 2895 646 2943 arcem
666 2875 773 2954 istam,
801 2893 879 2974 quae
901 2873 1067 2937 candidam
1089 2873 1223 2936 frontem
1251 2874 1417 2951 mameae)
1449 2874 1536 2938 velut
1557 2874 1641 2937 iuter
1660 2873 1768 2938 nubila
1790 2875 1910 2938 condit:
1939 2875 2027 2957 cujus
2051 2875 2163 2940 collum
2182 2878 2287 2941 monili

541 2978 673 3043 baccata
695 2973 760 3038 suis
783 2973 868 3038 velut
890 2972 1055 3038 unionibus
1076 2971 1232 3036 irradians
1254 2974 1426 3054 prominet,
1458 2974 1543 3037 illine
1569 2974 1676 3038 nitidis
1698 2975 1868 3055 primorum
1889 2974 2026 3039 virorum
2048 2975 2191 3057 palatiis,
2218 2976 2289 3041 binc

542 3074 757 3142 illustrissima
772 3072 808 3156 †)
843 3073 995 3154 Principis
1031 3072 1206 3153 sapientiae
1244 3073 1350 3152 domo,
1387 3072 1469 3155 quod
1497 3073 1727 3158 βουλευτήριον
1762 3079 1817 3139 ant
1845 3072 2054 3157 δικαστήριον
2086 3076 2288 3157 appellamus,

542 3179 734 3243 exornatum.
779 3172 898 3254 Corpus
917 3177 967 3237 est
996 3177 1046 3236 tot
1067 3172 1213 3237 membris
1233 3178 1267 3236 et
1294 3172 1435 3238 articulis
1456 3173 1475 3236 i.
1496 3192 1523 3237 e.
1554 3172 1695 3238 domibus
1724 3179 1757 3238 et
1784 3173 1912 3254 palatiis
1934 3175 2071 3255 insigne,
2100 3182 2175 3256 quot
2205 3176 2291 3241 intra

541 3276 666 3342 moenia
684 3273 820 3338 civitatis
840 3272 902 3336 sita
924 3290 992 3335 csse
1020 3275 1171 3336 novimus.
1214 3271 1329 3336 Pectus
1358 3278 1409 3336 est
1437 3275 1541 3353 ipsum
1570 3273 1730 3353 templum.
1774 3273 1868 3337 Curia
1897 3274 1978 3352 ista,
2005 3278 2042 3338 ut
2069 3274 2289 3340 alimentorum

543 3373 771 3457 dispensatrix,
802 3376 850 3437 est
881 3371 1066 3436 stomachus
1110 3372 1287 3453 Utrumque
1311 3371 1501 3452 Collegium,
1529 3372 1682 3436 Pomoerii
1710 3376 1743 3436 et
1769 3373 1848 3436 Laui
1876 3378 1949 3437 suut
1974 3374 2167 3453 praecordia.
2219 3375 2290 3440 Duo

542 3475 611 3556 vici,
632 3472 722 3554 alter,
744 3491 833 3554 quem
855 3471 947 3552 vulgo
971 3474 1024 3536 beta
1047 3470 1151 3552 elatea,
1176 3471 1266 3550 alter,
1288 3489 1380 3554 quem
1396 3470 1588 3556 ‘Btplgenltcin
1608 3471 1778 3553 appellant,
1798 3470 1917 3536 femora
1937 3477 2012 3536 suut
2032 3474 2121 3554 aquis
2140 3474 2289 3554 proxima,

542 3573 627 3658 quod
654 3573 768 3637 circum
800 3589 837 3636 ea
864 3571 1001 3652 corporis
1028 3578 1137 3652 partes
1175 3571 1291 3636 crebris
1326 3571 1494 3637 lotionibus
1531 3572 1712 3653 indigeant,
1747 3569 1876 3653 ideoque
1905 3571 2099 3637 mediastinis
2128 3573 2290 3655 assignati.

541 3671 748 3739 Brachiorum
776 3670 908 3735 alterum
936 3689 1045 3751 nempe
1076 3671 1219 3734 dextrum
1252 3676 1301 3734 est
1329 3671 1409 3734 illud
1439 3671 1635 3752 suburbium,
1663 3672 1713 3735 eui
1734 3689 1847 3734 nomen
1868 3671 2110 3754 diribenhouien,
2139 3674 2181 3737 ad
2203 3675 2290 3755 cujus

542 3790 669 3839 manum
700 3770 820 3852 gladius
841 3769 924 3834 ultor
953 3769 1102 3834 adversus
1130 3769 1267 3850 flagitia,
1297 3768 1382 3834 locus
1414 3771 1559 3836 videlicet
1585 3769 1797 3851 carnificinae,
1828 3788 1920 3852 quam
1947 3770 2112 3837 facinorosi
2137 3780 2291 3854 eoguntur

544 3872 647 3939 subire
668 3877 763 3953 atque
783 3869 945 3934 scelerati:
975 3870 1136 3934 sinistrum
1157 3852 1294 3951 est'ipsa
1316 3870 1438 3952 platea,
1459 3889 1552 3952 quam
1570 3869 1738 3934 remacula
1759 3870 1867 3952 lingua
1893 3874 1947 3937 bert
1969 3872 2122 3957 &leittmeg
2142 3875 2288 3940 vocitant.

543 3971 643 4038 Pedes
671 3978 777 4035 autem
807 3970 908 4033 instar
936 3967 1098 4034 fortissimi
1125 3967 1214 4034 bovis
1244 3969 1344 4052 (juxta
1373 3969 1588 4051 prouerbium)
1615 3970 1711 4034 altius
1735 3970 1767 4033 in
1795 3976 1902 4036 terrae
1930 3972 2051 4037 uiscera
2081 3973 2197 4038 defixit.
2241 3973 2291 4040 Sic

545 4071 695 4153 dispessis
717 4070 814 4135 veluti
834 4069 980 4134 manibus
1001 4076 1032 4133 ot
1055 4069 1304 4135 commodissimo
1325 4088 1401 4134 suae
1416 4070 1576 4135 vastitatis
1591 4068 1802 4134 immobilioris
1822 4068 1978 4150 anfractu,
1999 4072 2157 4139 studiosos
2175 4092 2290 4153 omnes,

545 4172 636 4254 quasi
656 4171 773 4251 grenio
796 4170 933 4249 sinuoso,
955 4175 990 4234 ut
1012 4169 1243 4250 benignissimo,
1265 4170 1309 4234 sic
1333 4170 1488 4234 tutissimo
1508 4169 1727 4250 complectitur
1748 4175 1781 4233 et
1801 4170 2010 4236 exosculatur.

669 4271 758 4335 Nunc
787 4269 949 4350 speciatim
972 4268 1009 4332 de
1033 4271 1180 4350 operibns
1206 4269 1309 4349 urbia,
1336 4287 1416 4350 quae
1442 4274 1517 4333 sunt
1541 4269 1590 4333 rel
1618 4267 1744 4350 publica
1773 4269 1821 4332 rel
1846 4269 1980 4349 priuato.
2029 4271 2157 4338 Publica
2190 4272 2291 4338 dicam

545 4373 670 4449 Arcera,
692 4369 921 4448 Dicastcrr'rcm,
944 4369 1082 4450 Phalarin,
1106 4369 1257 4452 Collcpr'o,
1278 4370 1399 4435 Forata
1428 4374 1461 4433 et
1493 4368 1634 4433 Cariam.
1686 4367 1778 4445 Quod
1805 4385 1879 4432 vero
1908 4369 2178 4436 admunitionem
2205 4374 2291 4439 urbis

546 4477 674 4538 nostrae
702 4470 835 4550 attinet,
867 4468 1005 4550 ejusdem
1027 4469 1053 4532 si
1075 4488 1181 4533 muros
1203 4474 1342 4550 spectes,
1368 4468 1489 4549 fragilis
1510 4474 1574 4548 est,
1607 4474 1641 4532 at
1666 4488 1740 4533 vero
1768 4468 1796 4532 si
1816 4468 1927 4533 civium
1956 4477 1989 4534 et
2008 4473 2290 4555 circumjacentium

546 4573 738 4656 oppidorum,
759 4569 921 4648 totiusque
941 4569 1019 4632 adeo
1039 4569 1239 4649 Principatus
1257 4568 1433 4650 Superioris
1455 4568 1496 4632 ad
1510 4568 1633 4633 Lauum
1653 4568 1789 4632 militare
1811 4569 1957 4633 aestimes
1978 4572 2081 4651 robur,
2102 4573 2288 4640 firmissima.

547 4673 686 4755 Lapideo
712 4671 795 4736 euim
818 4668 906 4750 operi
924 4669 1006 4750 quod
1030 4667 1133 4749 deest,
1153 4668 1186 4732 id
1217 4669 1391 4732 animorum
1413 4668 1566 4733 fortitudo
1589 4687 1627 4732 ac
1648 4669 1852 4749 praestantia,
1880 4677 1913 4733 et
1933 4671 2016 4750 quod
2037 4670 2194 4738 homiuum
2215 4674 2291 4739 arti·

547 4773 639 4853 ficiis,
669 4771 701 4837 id
719 4775 834 4834 natura
855 4768 930 4846 loci,
957 4773 1005 4833 tot
1026 4769 1205 4849 praeruptis
1234 4767 1369 4848 nudique
1396 4768 1553 4834 montibus
1581 4767 1712 4832 resarcit
1738 4769 1984 4834 commodissime
2017 4771 2288 4855 circumepiendo.

653 4921 680 4982 *l
696 4919 779 4972 Liber
797 4917 878 4971 habet
894 4917 1022 4985 planicie.
1058 4916 1137 4970 Talia
1154 4931 1208 4970 nou
1228 4930 1262 4969 ex
1282 4916 1433 4983 scripturae
1451 4915 1547 4970 urendo
1564 4922 1629 4970 nata
1646 4914 1815 4969 retinuimus.

635 5005 680 5072 *il
701 5003 878 5058 licia-hordas
897 5004 1046 5058 Loricbios
1065 5002 1272 5066 Haaaaaroa,
1285 5001 1465 5070 professione
1490 5002 1609 5056 oratoria
1632 5001 1661 5054 in
1685 4999 1827 5055 academia
1843 5001 2030 5070 Marburgensi
2053 5004 2172 5071 hauctus,
2192 5004 2290 5057 omisso

550 5091 658 5148 nornine
676 5090 814 5158 gentilicio
833 5105 1033 5156 nonnumquam
1051 5089 1139 5143 solum
1157 5104 1306 5155 cognomen
1330 5101 1345 5140 e
1370 5087 1458 5154 patrio
1481 5087 1582 5155 oppido
1608 5085 1718 5140 ductum
1740 5087 1799 5154 ipse
1822 5087 1873 5141 sibi
1896 5088 2030 5144 induebat.
2066 5092 2107 5145 Ex
2127 5091 2185 5144 eius
2204 5089 2290 5144 docla-

549 5177 720 5233 matiuneula
737 5177 948 5245 biarpurpcnsis
973 5176 1127 5229 Eacoarion
1152 5174 1316 5228 Academiae
1339 5174 1505 5239 continente,
1533 5175 1685 5242 Marpurpi
1704 5173 1916 5228 MDXXXVI
1928 5176 2036 5242 habito,
2063 5191 2133 5244 quae
2158 5175 2231 5230 edita
2249 5187 2290 5231 est

550 5263 674 5319 Francos.
687 5262 863 5316 MDXXXVI
876 5273 902 5314 et
913 5263 1031 5330 repetita
1041 5261 1069 5316 in
1079 5261 1147 5315 libro
1161 5261 1207 5328 qui
1218 5261 1388 5315 inscribitur:
1408 5260 1567 5328 Panegyriei
1578 5257 1742 5312 Academiae
1754 5259 1966 5328 Marpurgensis.
1985 5261 2073 5330 Marp.
2086 5261 2252 5316 MDLXXX.
2267 5267 2289 5317 8.

551 5357 644 5407 noster
662 5349 897 5420 comparationem,
918 5365 971 5418 qua
989 5349 1081 5416 utitur,
1102 5345 1238 5417 desumsit,
1255 5345 1393 5401 nonnullis
1410 5352 1501 5400 tamea
1519 5346 1590 5399 etin
1609 5346 1698 5399 uerbis
1717 5354 1745 5399 ct
1761 5347 1790 5402 in
1807 5363 1838 5402 re
1855 5347 1915 5416 ipsa
1933 5350 2051 5404 mutatis,

639 5437 701 5505 ***)
718 5435 778 5490 Hoc
794 5436 853 5489 loco
873 5435 948 5489 finita
966 5435 1077 5503 plagula
1094 5434 1168 5503 typis
1187 5433 1322 5502 exscripta
1338 5433 1436 5502 incipit
1454 5433 1515 5501 ipsa
1529 5431 1641 5487 Dilichii
1660 5447 1761 5486 manus.

668 5523 701 5591 ᾧ)
720 5523 764 5577 Sic
786 5521 897 5590 scripsit
915 5520 1057 5592 Dilichius,
1076 5535 1237 5590 quamquam
1256 5518 1375 5576 uoluisse
1395 5519 1500 5575 ridetau
1520 5520 1701 5578 illustrissimi
1719 5535 1780 5575 cum
1800 5520 1970 5577 blademario.
