5534 6984
600 818 669 889 ΠΒ

597 1008 741 1075 Praesidi
761 1004 876 1073 ioanni
892 1003 1050 1070 Friderico
1070 1021 1109 1070 ac
1131 1002 1201 1069 eliis
1218 1004 1313 1069 ctiam
1329 1002 1543 1085 Principibus,
1565 1001 1710 1087 Adolpbo
1726 1003 1870 1070 niunimm
1887 1001 2053 1070 Holsntine
2066 1005 2142 1072 Doci
2157 1014 2189 1073 et
2204 1010 2350 1088 Aurgusto

598 1106 817 1189 Neoburgensi
845 1105 1006 1185 Palatino,
1043 1122 1191 1169 necnon
1227 1104 1344 1185 inclyto
1371 1103 1487 1168 Baroni
1517 1102 1628 1169 Carolo
1657 1104 1773 1186 Jiirger
1807 1122 1934 1187 operam
1965 1122 2056 1171 suam
2092 1107 2122 1170 in
2154 1107 2349 1174 institutione

598 1211 778 1291 linguarum
792 1207 985 1272 exoticarum
996 1202 1153 1286 probavit.
1176 1202 1317 1268 Tandem
1331 1222 1401 1268 cum
1415 1203 1581 1285 l’oppelius
1596 1204 1722 1269 domum
1736 1210 1946 1286 revocaretur,
1968 1204 2018 1271 hic
2032 1206 2159 1287 quidem
2173 1208 2350 1287 Artgustam

598 1308 830 1375 vindelicorum
849 1305 1016 1377 secedens.
1040 1302 1152 1369 Carolo
1167 1304 1312 1384 l'uggero
1333 1302 1465 1384 aliisque
1487 1321 1615 1384 operam
1633 1303 1748 1370 locavit
1768 1305 1799 1369 in
1818 1302 1957 1370 docendo
1974 1322 2072 1369 suam.
2115 1306 2221 1388 Atque
2242 1325 2349 1372 eorum

598 1408 746 1476 subsidiis
767 1405 910 1488 adjutus,
938 1422 1033 1486 quum
1059 1410 1179 1469 certam
1209 1403 1337 1468 tandem
1365 1420 1471 1467 rerum
1499 1402 1738 1485 studiorumque
1766 1403 1888 1485 sedem,
1918 1404 1971 1469 ubi
1998 1406 2180 1486 religionem
2208 1407 2350 1488 profiteri

597 1509 707 1574 liceret
726 1506 870 1586 liberius,
891 1508 1072 1587 quaereret,
1095 1503 1288 1567 commodum
1309 1522 1329 1567 a
1350 1500 1499 1567 Mauritio
1521 1500 1613 1567 Hess.
1636 1504 1835 1585 [landgravio
1858 1512 2008 1569 evocatur
2028 1505 2193 1587 Cassellas,
2218 1512 2254 1571 ut
2275 1506 2349 1571 inibi

597 1610 724 1691 linguas
745 1607 875 1672 doceret
896 1605 1045 1670 exoticas.
1086 1602 1167 1667 Huic
1194 1603 1294 1682 igitur
1322 1601 1477 1666 vocationi
1507 1600 1768 1668 clementissimae
1798 1604 1989 1685 obsequutus
2020 1604 2113 1669 isthic
2140 1606 2198 1670 sub
2228 1607 2349 1672 initium

597 1707 720 1775 MDCII
739 1706 814 1771 anui
842 1706 875 1771 in
902 1704 1019 1769 illustri
1046 1701 1238 1769 Mauritiano
1253 1702 1280 1782 ¹)
1308 1700 1449 1783 profiteri
1477 1702 1582 1781 coepit
1610 1700 1749 1785 linguas,
1778 1708 1811 1767 et
1839 1720 1921 1767 auno
1951 1705 2091 1785 proximo
2114 1704 2143 1769 X
2165 1706 2253 1771 Jurrii
2280 1720 2349 1771 cum

599 1806 816 1890 cumtopbori
838 1805 988 1870 Lersneri
1009 1803 1040 1868 J.
1063 1801 1096 1866 C.
1118 1805 1151 1866 et
1171 1802 1203 1865 iu
1226 1799 1448 1881 Marpurgensi
1469 1801 1639 1865 Academia
1670 1802 1741 1866 olim
1765 1802 1955 1869 Professoris
1983 1802 2049 1868 filia
2076 1806 2198 1870 solenni
2223 1807 2288 1870 ritu
2317 1808 2348 1870 in

598 1927 672 1974 arce
690 1906 875 1975 Caesellaua
895 1904 1023 1985 nuptias
1045 1902 1223 1967 celebravit.
1267 1900 1432 1965 Postremo
1455 1899 1496 1964 ad
1519 1900 1692 1965 uberiorem
1717 1902 1806 1983 quasi
1831 1903 1983 1969 culturam
2004 1903 2211 1987 Marpnrgum
2233 1907 2349 1971 missus

598 2008 704 2075 XXIV
718 2006 856 2087 Augusti
877 2023 958 2069 auno
973 2002 1094 2068 MDGV
1109 2000 1252 2065 oratioue
1266 2000 1390 2081 publice
1406 2000 1438 2064 in
1454 1999 1533 2063 Laui
1553 2001 1683 2081 collegio
1698 2000 1737 2066 de
1754 2019 1812 2067 sua
1829 2003 1860 2068 in
1878 2001 1960 2069 banc
1973 2003 2172 2069 Academiam
2187 2006 2350 2070 vocatione

597 2109 723 2189 habita,
755 2107 878 2187 linguas
900 2103 1039 2169 exoticas
1057 2101 1181 2184 publice
1206 2105 1240 2165 et
1266 2100 1415 2181 privatim
1445 2100 1559 2165 docere
1587 2101 1742 2183 instituit,
1778 2102 1826 2166 vir
1853 2120 1917 2167 non
1947 2105 2047 2169 solum
2075 2105 2122 2169 uti
2144 2104 2271 2186 Ulysses
2299 2105 2350 2169 ille

597 2207 782 2274 Homericus
809 2202 1004 2288 πολύμητις,
1034 2202 1089 2285 qui
1116 2200 1225 2264 notra
1252 2197 1372 2263 adero
1399 2193 1514 2279 ἄλγεα,
1542 2199 1597 2264 sed
1624 2201 1720 2264 ctiam
1748 2200 1987 2282 πολύγλωσσος.
2038 2204 2090 2271 Sic
2118 2206 2225 2285 itaque
2252 2206 2350 2270 otium

597 2314 728 2388 nactus,
760 2304 848 2388 quod
876 2303 1010 2385 negotiis
1037 2299 1169 2382 publicis
1199 2302 1364 2381 supererat
1391 2304 1531 2379 tempus,
1563 2298 1596 2364 id
1619 2298 1798 2366 Omnaediie
1820 2306 1852 2365 et
1873 2302 2073 2385 Diatopis²)
2094 2305 2214 2385 utrquot
2234 2306 2351 2385 partim

598 2405 836 2489 componendis,
863 2403 981 2487 partim
1007 2398 1167 2465 vertendis
1195 2405 1253 2463 aut
1281 2397 1377 2463 etiam
1406 2397 1610 2463 emendandis
1636 2406 1669 2464 et
1693 2400 1829 2466 Sciratae
1851 2402 1990 2469 Italicae
2016 2404 2177 2469 multoties
2200 2406 2294 2470 uariis
2318 2406 2349 2469 in

597 2508 673 2574 locis
699 2507 804 2572 editae
834 2510 929 2586 ablue
958 2502 991 2568 in
1022 2501 1092 2581 ipsa
1118 2498 1214 2565 ltalia
1245 2496 1442 2563 collaudatae
1471 2497 1662 2563 retexendae
1690 2499 1853 2581 impendit.
1903 2502 2020 2581 Quibus
2049 2504 2186 2569 lacobus
2216 2505 2349 2587 'lbysius

597 2606 778 2689 asscripsit:
1698 2662 1704 2685 ,

1091 2694 1214 2751 Victores
1230 2710 1323 2749 rerum
1340 2694 1472 2761 Domini,
1489 2696 1606 2750 retulere
1624 2696 1745 2751 subactis

1121 2783 1214 2839 Gazae
1231 2781 1365 2851 superbae
1381 2782 1508 2851 pentibne
1527 2784 1746 2852 peremptoriam.

1084 2867 1269 2936 Ponderapac
1286 2868 1376 2938 ignoti
1394 2868 1502 2937 arpenti
1514 2867 1644 2938 salvique
1661 2872 1767 2925 rrrctatti

1123 2954 1244 3007 retinere
1265 2952 1397 3022 quicquid
1414 2954 1528 3023 boepito
1546 2954 1644 3009 educat
1659 2958 1730 3010 cirin.

1085 3041 1141 3094 tte
1156 3041 1220 3093 bene
1237 3054 1267 3093 rc
1284 3045 1362 3109 peste
1380 3038 1491 3093 reduces
1508 3056 1537 3094 ee
1555 3040 1694 3096 oatcrrdcre
1712 3043 1817 3099 Itarrrac

1118 3126 1174 3180 Dio
1189 3126 1294 3196 patriis
1310 3131 1445 3195 prataque
1462 3126 1566 3180 bonore
1582 3129 1729 3196 supplicas,

1085 3212 1216 3267 Hercrrlir
1237 3209 1397 3281 adportet»
1416 3212 1494 3266 aediti
1510 3213 1567 3267 aiae
1583 3213 1664 3267 Jocis
1684 3214 1721 3267 od
1740 3232 1818 3269 arom

1120 3298 1281 3367 Spoliornrn
1300 3298 1394 3366 opimo
1412 3313 1570 3353 coraecrore
1588 3300 1717 3368 acpmirra.

1087 3383 1161 3455 Quid
1181 3390 1210 3437 tn
1228 3386 1310 3437 citare
1327 3399 1401 3437 rneoe
1419 3384 1490 3437 inter
1503 3400 1574 3453 para
1589 3386 1684 3453 priato
1703 3386 1820 3453 sodales,

1122 3474 1262 3540 Quasnam
1280 3469 1340 3523 solo
1357 3470 1484 3537 coeloque
1502 3470 1615 3525 abactae
1633 3471 1763 3541 taradr'pnc,

1084 3558 1173 3613 Italia
1187 3556 1288 3626 procul
1305 3555 1442 3608 Herculeo
1459 3555 1559 3611 sardare
1578 3556 1733 3629 redemptos

1119 3643 1160 3697 at
1179 3642 1288 3709 Gallio,
1307 3642 1390 3695 lanrn
1406 3642 1543 3696 rerirretna
1560 3648 1698 3714 temporo:

1085 3727 1235 3783 Succedens
1253 3728 1363 3782 Cattrim
1382 3727 1490 3782 tandem
1508 3728 1577 3783 bane
1585 3730 1691 3797 finibus
1707 3734 1814 3802 hospes,

1121 3816 1175 3870 Cni
1191 3814 1303 3868 dedicas
1322 3829 1389 3883 epea
1407 3814 1547 3884 triumpho
1566 3816 1747 3885 eprlerniidas?

1084 3903 1179 3957 Auens
1196 3917 1225 3956 et
1241 3902 1384 3955 ducemne
1399 3900 1495 3955 doctae
1509 3910 1657 3971 pereetrare
1674 3906 1808 3973 taberniae,

1120 3987 1246 4042 Honrire
1264 3993 1350 4043 totam
1367 3993 1395 4041 et
1412 3988 1610 4058 Hippocrenen
1630 3992 1749 4058 Galliae,

1085 4074 1153 4129 Non
1168 4073 1283 4127 lcnmalee
1301 4089 1435 4143 guonem
1449 4074 1560 4144 alpinas
1577 4075 1722 4131 Itiomedie
1738 4080 1862 4146 bonores,

1060 4195 1063 4200 »
1122 4160 1198 4230 Quos
1215 4159 1314 4229 cnlpae
1332 4166 1383 4214 ont
1400 4160 1474 4215 inere
1490 4161 1552 4217 ntor
1569 4162 1727 4231 cupidines:

1085 4246 1139 4303 Sed
1158 4248 1235 4315 aneia
1248 4262 1307 4315 por
1325 4245 1441 4315 Superis
1460 4246 1641 4302 Mitior-idaiae
1657 4248 1749 4303 audiit
1768 4250 1841 4317 olim,

1119 4336 1294 4404 Linpnarune
1312 4332 1433 4387 onaando
1452 4333 1563 4389 credibat
1581 4334 1727 4404 Mysten'a.

1087 4420 1170 4491 Qneis
1179 4421 1319 4474 bominum
1331 4435 1385 4487 pua
1396 4420 1458 4489 qnia
1471 4421 1560 4491 napis
1573 4426 1614 4476 eat
1624 4422 1756 4488 exereitus,
1773 4422 1863 4477 codem

1122 4508 1220 4562 dicirit
1236 4523 1344 4561 recessu
1358 4507 1481 4576 pectoris
1495 4506 1682 4577 praedandam.

1085 4592 1223 4662 Suscipite
1242 4593 1367 4646 Heroum
1379 4591 1438 4661 filI
1451 4591 1507 4647 dira
1527 4594 1633 4648 inmitto
1651 4594 1717 4648 secli

1125 4678 1242 4747 Uterque
1256 4679 1351 4749 patrie
1367 4680 1486 4735 maximi
1505 4696 1567 4748 spes
1585 4681 1716 4746 naalma,

1088 4764 1163 4835 Quae
1174 4766 1291 4820 Dulcia
1302 4765 1398 4819 ecbola
1413 4764 1463 4819 dat
1474 4764 1566 4819 drclcee
1582 4772 1646 4820 ante
1660 4766 1753 4821 enuncia
1764 4768 1863 4824 Marsas

1119 4852 1285 4920 Dralciqne
1305 4852 1380 4905 cabaa
1399 4851 1478 4906 dulce
1489 4854 1528 4920 fit
1541 4852 1607 4921 srni
1625 4852 1703 4907 bono.

1084 4938 1233 4992 Dulichios
1252 4937 1314 4991 licet
1328 4938 1369 4990 ire
1387 4939 1461 5004 aiae,
1481 4940 1547 4992 droca
1560 4939 1615 5006 filo
1633 4940 1732 4994 secutis

1127 5024 1210 5078 Vobis
1226 5025 1279 5077 iter
1293 5024 1401 5094 parebit
1420 5024 1494 5079 orbis
1512 5025 1640 5093 qualebet.

701 5176 729 5242 l)
747 5174 789 5229 lte
806 5174 970 5228 blauritiano
989 5174 1024 5228 cf.
1041 5174 1145 5230 l'beod.
1164 5176 1309 5246 Hartrcip,
1335 5175 1380 5230 die
1399 5176 1550 5232 llolscbule
1568 5194 1602 5232 au
1621 5177 1715 5232 Cassel
1742 5186 1821 5232 untcr
1840 5176 1978 5246 Landgraf
1993 5176 2090 5231 Merita
2110 5177 2170 5231 dem
2190 5174 2347 5231 (iclehrten.

600 5262 687 5317 llarb.
711 5265 785 5316 leel.
804 5259 945 5330 (llersfeld
967 5262 1055 5329 leot.)
1073 5268 1099 5315 a,
1120 5279 1147 5329 p.
1167 5266 1199 5315 lb
1218 5277 1276 5329 sqq.

699 5350 729 5415 2)
749 5347 911 5403 Comoediae
929 5346 1000 5401 duae
1018 5348 1165 5403 Eunuchus
1184 5347 1305 5400 Terentii
1323 5348 1350 5401 iu
1364 5346 1568 5416 Aethiopissam
1587 5354 1705 5403 mutatus
1724 5355 1750 5402 et
1763 5348 1888 5403 Amiutas
1907 5348 2039 5417 Torquati
2057 5348 2136 5403 'l'assi
2154 5364 2214 5403 cum
2226 5347 2349 5418 Dialogis

601 5434 691 5488 insunt
709 5435 737 5487 iu
755 5434 843 5488 altera
861 5433 978 5489 Scholac
998 5434 1111 5489 Italicae
1130 5443 1220 5505 porte,
1241 5434 1413 5490 l'raucolurti
1431 5451 1454 5489 a.
1476 5439 1541 5491 1005
1559 5436 1676 5505 priimum
1695 5434 1799 5502 editae,
1818 5443 1915 5503 postea
1933 5436 2042 5503 saepius
2060 5435 2201 5503 repetitae.
