5534 6984
823 1025 931 1084 Ductor
948 1027 1071 1082 doaracce
1087 1027 1184 1096 rupert
1202 1025 1355 1080 Lecticam
1368 1025 1493 1090 toraca,

857 1111 1083 1182 Idrrpaaramgae
1100 1109 1181 1166 ἀιοιιι
1199 1111 1320 1166 cerciac
1338 1125 1395 1165 cccc
1413 1109 1505 1164 mart

825 1196 908 1254 Hanc
916 1197 1012 1254 retecta
1017 1213 1071 1268 per
1080 1195 1181 1252 mattos
1188 1201 1319 1252 amata
1328 1194 1485 1252 cotHaeeia
1494 1207 1602 1258 amer,

856 1283 982 1338 Εῑεοιιιιιι
1000 1283 1124 1352 aquitae
1141 1297 1219 1352 guerr
1236 1279 1318 1336 modo
1330 1279 1395 1350 fida
1412 1279 1514 1336 dacem.

822 1367 863 1422 Ac
877 1373 908 1422 ta
923 1367 1064 1423 chamae
1078 1369 1193 1438 patriae
1209 1367 1362 1422 omerabcie
1379 1381 1478 1422 norrea

856 1451 1054 1523 Patareaque
1072 1453 1114 1508 tai
1133 1451 1240 1509 dirime
1258 1459 1334 1509 tuere
1348 1453 1448 1524 gregis.

437 1539 581 1622 Vulteius
603 1543 707 1604 autem
729 1537 768 1601 de
790 1537 887 1619 ipsius
907 1537 1011 1605 obitu:
1084 1596 1087 1604 .

823 1635 882 1694 Hic
899 1637 1009 1708 itrpaae
1027 1637 1163 1707 sciptae,
1181 1636 1311 1706 Graecae,
1330 1637 1487 1707 Latiaeque
1500 1635 1656 1708 profertor,

857 1724 989 1780 Numisiis
1003 1725 1139 1792 interpret
1153 1729 1223 1794 port
1238 1739 1292 1780 aaa
1303 1723 1373 1793 ,tata
1382 1724 1468 1791 jacet

824 1807 922 1865 Sancte
939 1811 1045 1880 paterer
1061 1823 1152 1875 senec,
1169 1824 1317 1866 mosa
1331 1809 1411 1880 prote
1426 1811 1503 1866 teate

859 1895 917 1949 Nec
934 1895 1024 1950 mirare
1042 1895 1146 1952 cana
1160 1894 1242 1966 prote
1259 1895 1335 1952 beate
1353 1910 1444 1952 araca

824 1979 891 2050 Ipse
908 1979 1005 2036 docem
1021 1995 1091 2046 erae,
1110 1985 1137 2036 et
1154 1979 1250 2036 doctos
1264 1986 1332 2052 poet
1351 1987 1402 2038 tao
1418 1987 1502 2038 eatae

858 2065 973 2120 sum
989 2065 1103 2136 tigaieti,
1117 2065 1325 2136 perainrtcsgae
1344 2067 1402 2124 tat

826 2151 881 2220 Qut
894 2151 1001 2220 partire
1019 2151 1127 2220 templis
1142 2157 1284 2221 praeeunt,
1302 2153 1444 2222 scenaque
1461 2151 1599 2217 decada,

758 2235 771 2260 ⁸
859 2235 1039 2306 menapum
1052 2238 1160 2306 partin
1177 2235 1246 2294 daut
1261 2253 1346 2308 praee
1363 2239 1516 2293 condiant

825 2320 895 2380 Sane
912 2327 938 2376 et
954 2322 1106 2392 Apollinea
1123 2323 1172 2392 gai
1190 2323 1323 2394 amida
1338 2339 1460 2394 corpora
1476 2321 1578 2378 dextra

859 2407 1027 2474 Batinum,
1043 2413 1153 2478 patrat
1164 2423 1234 2478 para
1252 2425 1359 2479 qaoque
1374 2413 1485 2479 rcrpaa
1501 2407 1618 2464 creme

826 2491 892 2546 Cim
911 2499 952 2548 tat
968 2493 998 2548 ιἰι
1013 2494 1125 2564 ingrato
1142 2493 1298 2550 ciarieeima
1314 2495 1421 2550 irenica
1436 2491 1538 2548 ιιιιιιιὼ

859 2577 998 2648 Irigaeria
1016 2579 1047 2632 ιἰι
1064 2577 1186 2636 Domino
1203 2585 1295 2636 coacte
1313 2580 1526 2650 gutueram

438 2675 469 2732 et
488 2667 632 2747 Nigidius
653 2665 729 2731 haec

831 2761 867 2817 Ut
883 2777 947 2816 cera
962 2761 1104 2832 placidam
1119 2761 1228 2818 studuit
1246 2761 1389 2818 traducere
1407 2763 1502 2828 vitam,

860 2845 906 2902 Sic
923 2848 1014 2902 iactor
1032 2850 1121 2903 somni
1136 2863 1209 2904 more
1227 2863 1334 2919 gaogae
1351 2847 1421 2903 tercia
1437 2853 1504 2903 erat

826 2932 953 2988 medear
969 2935 1106 2988 aarum
1121 2948 1189 2988 moa
1202 2933 1358 3002 suffocante
1373 2934 1514 2998 catarrho,

864 3019 899 3073 Ut
912 3019 979 3088 soto
1000 3019 1108 3074 tardem
1125 3033 1200 3074 marr
1216 3035 1269 3074 aaa
1287 3035 1418 3089 pompae
1433 3025 1532 3074 marcet

825 3103 881 3158 Hie
897 3105 1015 3160 moriens
1032 3111 1143 3160 nostroe
1159 3105 1306 3175 iaciemus
1324 3103 1472 3174 madefecit
1489 3101 1596 3168 accitos,

859 3189 988 3246 Perdidit
1004 3191 1057 3246 teo
1072 3207 1166 3246 caram
1185 3205 1267 3262 φιαιιι
1285 3191 1380 3248 echaia
1397 3195 1495 3245 metra
1504 3188 1608 3258 jader!

1095 3453 1262 3520 ioannes
1290 3453 1521 3520 Draconites

1187 3581 1215 3638 S.
1233 3581 1327 3638 Theoi.
1350 3583 1382 3638 D.
1401 3586 1434 3650 ¹).

562 3723 695 3790 Natioue
715 3725 864 3806 Francus,
886 3728 990 3810 patria
1013 3727 1255 3812 carolocuuius
1277 3749 1373 3814 quum
1394 3730 1507 3814 patriis
1527 3729 1560 3794 in
1581 3728 1694 3794 scholis
1715 3729 1818 3810 prima
1839 3728 2002 3794 literarum
2024 3727 2180 3794 elementa

439 3817 627 3904 imbibisset,
658 3827 696 3889 ut
727 3829 815 3890 tanto
835 3825 954 3909 majora
976 3825 1136 3894 doctrinas
1157 3833 1324 3912 quaereret
1345 3833 1379 3896 et
1408 3829 1569 3910 colligeret
1588 3827 1648 3894 sibi
1668 3825 1867 3909 adjumenta,
1895 3825 2077 3892 Erfurdiam
2097 3845 2180 3893 com·

437 3921 573 4002 migrans
595 3927 733 3988 aetotem
757 3924 926 4006 juvenilem
952 3925 986 3990 in
1007 3925 1123 3993 studiis
1143 3928 1306 3995 literarum
1331 3928 1570 3994 humanioribus
1597 3926 1747 3992 connivit
1773 3925 1963 4008 easdemque
1980 3925 2035 3992 illo
2055 3925 2124 4010 ipso
2146 3927 2180 3992 in

437 4017 506 4084 loeo
540 4018 675 4088 honores
710 4021 845 4105 adeptus
881 4023 1081 4092 scholasticos
1112 4025 1293 4110 aliquandiu
1320 4027 1443 4112 publice
1474 4031 1508 4092 et
1535 4025 1685 4108 privatim
1715 4041 1785 4090 cum
1811 4021 1904 4090 laude
1934 4022 2050 4090 docuit
2101 4023 2180 4090 Inde

438 4115 655 4201 Wittebergae
677 4119 709 4187 S.
724 4119 755 4186 S.
778 4121 886 4188 Theoi.
908 4123 1028 4192 Doctor
1048 4125 1242 4194 authoritate
1260 4127 1463 4194 renunciatus
1481 4123 1607 4207 publica
1625 4121 1660 4190 id
1681 4122 1816 4190 assiduis
1834 4120 1950 4220 auidiis
1968 4129 2180 4203 consequutus

437 4223 495 4298 est,
516 4221 552 4283 ut
572 4219 694 4300 quoties
715 4237 750 4286 se
771 4221 938 4305 conjiceret
959 4223 993 4288 in
1015 4241 1148 4304 versum,
1169 4225 1265 4292 verba
1279 4230 1487 4306 sequerentur
1503 4228 1627 4306 sponte,
1649 4221 1809 4303 triumque
1822 4219 2179 4303 praecipuoltnguarum

439 4315 634 4398 cognitione,
662 4321 690 4386 si
711 4319 876 4401 qusquam
902 4319 998 4402 alius,
1029 4321 1196 4389 excelleret
1223 4324 1364 4390 maxime.
1413 4321 1552 4405 ideoque
1579 4321 1677 4387 etiam
1696 4319 1904 4402 Marpurgum
1929 4317 1971 4386 ad
1991 4317 2179 4402 Ticologiae

436 4412 662 4494 protension-
689 4432 772 4482 enno
800 4417 998 4486 uuxxxlv
1029 4425 1156 4487 vocatus
1183 4421 1394 4488 Ecclesiasten
1429 4421 1495 4504 egit
1526 4419 1618 4486 simui
1647 4419 1739 4501 eique
1767 4436 1850 4485 anuo
1877 4417 2011 4484 uxnlv
2036 4417 2179 4486 Rectoris

439 4509 547 4578 delata
565 4513 625 4581 icit
645 4513 793 4598 dgnus,
814 4535 877 4600 quo
896 4517 954 4583 sub
975 4517 1147 4585 Recturmu
1167 4537 1188 4586 a
1212 4519 1536 4601 Wittenbcrgensibus
1554 4516 1763 4600 Theologicae
1777 4515 1951 4584 Famltatis
1973 4515 2108 4598 petitum
2128 4523 2178 4584 est

438 4611 575 4694 sigillum
595 4617 627 4678 et
647 4613 859 4698 impetratum,
881 4620 918 4682 ut
938 4615 971 4682 id
991 4618 1138 4702 perpetui
1157 4635 1325 4686 consensus
1347 4623 1433 4686 esset
1454 4615 1641 4700 symbolum:
1669 4617 1763 4682 Auno
1783 4632 1907 4700 quoque
1924 4615 2041 4682 DXLV
2062 4616 2178 4683 Decani

437 4710 662 4794 perfunctum)
689 4718 739 4780 est
759 4732 897 4780 munere.
948 4715 1149 4783 Postmodum
1176 4717 1337 4785 Rostochii
1364 4717 1500 4800 primum
1528 4733 1636 4782 sacras
1663 4713 1823 4797 processus
1851 4714 1961 4781 literas
1989 4713 2180 4782 Sambieaa‘u

437 4809 596 4876 Ecclesiae
616 4811 683 4892 egit
703 4811 892 4880 Praesulem.
942 4813 1059 4880 Verum
1079 4815 1293 4898 Witebergam
1313 4815 1446 4881 undem
1473 4829 1654 4896 regressm,
1682 4831 1760 4896 opus
1780 4812 1933 4880 Biblieum
1951 4809 2178 4894 Penteglotton

439 4907 584 4991 Origenis
604 4910 754 4994 exemplo,
774 4911 862 4995 cnjus
882 4929 921 4978 ea
941 4913 974 4978 in
996 4932 1031 4978 re
1050 4931 1145 4996 opera
1169 4921 1307 4982 vetemm
1327 4913 1541 4980 monumentis
1563 4917 1731 4994 tantopere
1747 4911 1808 4979 tuit
1826 4910 2014 4992 collaudata,
2035 4911 2180 4994 agitabat

438 5009 557 5075 animo:
586 5007 675 5092 cujus
703 5011 798 5076 etiam
828 5011 983 5094 specimen
1010 5013 1044 5078 in
1072 5013 1176 5080 medio
1204 5013 1332 5097 reliquit
1351 5010 1512 5094 egregium
1539 5027 1617 5076 sane
1646 5015 1681 5076 et
1706 5010 1844 5092 posteris
1867 5007 2094 5076 admiandtun.
2134 5009 2179 5074 tt

543 5245 572 5312 1)
589 5243 621 5300 In
638 5244 689 5300 ttae
708 5245 765 5302 rita
782 5245 960 5303 merabaudo
978 5245 1031 5302 Dil.
1050 5245 1086 5303 ad
1101 5245 1276 5304 Boiseardum
1294 5247 1381 5316 (icon.
1397 5262 1425 5316 p.
1442 5245 1497 5316 IV)
1512 5246 1628 5302 maxime
1645 5261 1676 5302 se
1695 5245 1851 5315 applicarit,
1869 5259 1959 5314 noque
1976 5251 2067 5303 nmen
2084 5247 2130 5314 ita,
2150 5254 2179 5300 ot

439 5329 529 5384 omnia
546 5328 610 5384 inda
628 5327 837 5404 deprompserit,
860 5331 933 5400 quod
951 5331 1046 5388 Tilem.
1071 5330 1144 5388 dicit
1177 5331 1261 5389 Plura
1285 5332 1333 5389 dat
1358 5330 1526 5402 strictionis,
1545 5330 1656 5387 Meliori
1674 5331 1792 5386 Cimbris
1810 5329 1931 5388 litterata
1947 5331 1977 5386 in
1995 5347 2076 5388 asom
2100 5345 2181 5386 auum

437 5413 572 5568 dmi)
589 5499 661 5560 Ana
679 5497 801 5558 ultimam
815 5499 897 5571 hujus
914 5499 990 5556 verbi
1007 5499 1140 5570 syllabam
1159 5501 1248 5570 imago
1267 5501 1348 5558 Draa
1368 5506 1411 5557 eat
1428 5501 1599 5571 interponite.
