5534 6984
920 1011 1028 1082 Lopeat
1045 1017 1072 1066 et
1085 1016 1204 1076 nostrae,
1221 1009 1247 1066 ai
1261 1023 1317 1080 pao
1332 1015 1372 1066 eof
1384 1025 1418 1066 ee
1425 1011 1517 1080 forae,
1536 1011 1694 1079 Comoeome,

955 1097 1068 1168 Qunam
1085 1096 1175 1150 cireen
1190 1099 1310 1166 possunt
1327 1095 1409 1150 leode
1426 1096 1507 1151 beare
1526 1098 1614 1152 deum.

919 1181 995 1237 Noae
1006 1181 1095 1251 soror
1105 1183 1127 1247 ¹)
1145 1186 1172 1236 et
1189 1181 1278 1236 alnou
1294 1186 1322 1236 et
1337 1180 1695 1253 iamimperator„

953 1267 1088 1338 Eripite
1104 1266 1214 1322 moade
1231 1267 1344 1321 ιιοιιιὶιιιι
1360 1266 1440 1322 clera
1455 1268 1541 1338 eopia.

919 1351 998 1408 Haec
1008 1352 1119 1422 samon
1137 1351 1213 1408 coele
1225 1351 1399 1423 falpmfoher
1414 1353 1513 1408 ιἰιιιιίι
1527 1354 1622 1420 ωιιίι,

952 1438 1076 1510 Βιριιιιι
1093 1437 1176 1494 leude
1193 1439 1283 1494 ιιιιιιιι
1301 1439 1390 1494 Meso
1400 1438 1496 1510 perire
1512 1443 1594 1496 cerae

919 1523 1001 1580 Solae
1014 1525 1103 1591 Joare,
1120 1540 1221 1580 noveno
1238 1529 1376 1592 romonem
1394 1523 1476 1580 decue
1492 1523 1588 1580 addite
1608 1524 1698 1594 coelo,·

953 1611 1137 1680 Joatiaoeqoe
1156 1617 1219 1666 tuoe
1233 1611 1362 1682 praeuio
1373 1609 1470 1680 jutae
1486 1610 1564 1667 tede

436 1702 474 1768 ln
497 1699 639 1766 mantue
661 1715 781 1782 qnoque
804 1700 879 1763 sunt
902 1695 961 1762 viri
982 1695 1073 1780 hujm
1093 1696 1263 1764 doctissimi
1281 1697 1468 1764 Poemotum
1489 1696 1568 1763 lidri
1592 1695 1628 1763 P.
1667 1694 1780 1762 Latine
1800 1702 1832 1763 et
1854 1695 1975 1764 Graece
1996 1697 2178 1782 conscripti3

438 1801 472 1866 in
500 1817 630 1884 qnorum
652 1799 762 1881 primo
784 1797 889 1864 Sacra
923 1797 1125 1863 continentur
1160 1801 1190 1864 ct
1216 1795 1412 1862 naooostiodo
1442 1798 1478 1862 in
1512 1794 1637 1864 Veteris
1664 1803 1695 1863 et
1720 1797 1805 1864 Novi
1832 1795 2025 1863 Testamenti
2052 1798 2178 1882 capito:

438 1899 575 1968 secando
595 1899 786 1966 acatectioe:
809 1900 903 1966 arrio
925 1897 1039 1964 nomo:
1062 1901 1177 1980 quarto
1198 1895 1421 1980 Epitolomio:
1446 1901 1477 1964 et
1496 1897 1607 1981 priato
1627 1895 1787 1980 Epicedio
1807 1903 1837 1963 et
1857 1895 2049 1980 Epitaphio.

1112 2169 1292 2239 Nicolons
1321 2171 1513 2255 Rodiugus

1145 2301 1298 2359 Treissusie
1317 2302 1468 2374 Ηειιιιν)

565 2457 602 2524 ln
623 2453 729 2538 patria
749 2453 883 2536 primum
903 2451 1066 2521 literarum
1088 2453 1178 2522 initia
1199 2457 1234 2520 et
1252 2451 1467 2536 postmodum,
1494 2471 1567 2520 oum
1587 2451 1740 2520 uber-ioris
1767 2451 1886 2536 ingenii
1907 2469 1980 2536 spes
2004 2450 2181 2534 affulgeret,

441 2555 603 2638 demergi
624 2553 686 2620 vim
705 2555 806 2636 ipsam
825 2571 929 2619 rernm
951 2553 1218 2636 cognitionemque
1238 2553 1396 2621 indefesso
1423 2571 1553 2636 prorsus
1573 2553 1680 2620 studio
1700 2551 1950 2636 comprehendit,
1978 2553 2027 2619 ite
2044 2551 2182 2636 quidem

441 2659 479 2720 ιιι
496 2655 622 2736 gemina
643 2652 736 2720 isthic
752 2651 973 2734 Philosophiae
994 2653 1101 2718 laurea
1121 2659 1262 2738 ornatus,
1285 2653 1399 2735 dignos
1419 2653 1547 2720 habitus
1568 2651 1663 2718 fuerit
1681 2651 1731 2717 rel
1750 2651 1902 2734 inprimis,
1922 2653 1979 2735 qul
1998 2671 2021 2718 a
2039 2651 2182 2734 Philippo

442 2753 587 2836 Principe
606 2753 679 2820 liliis
695 2751 886 2836 junioribus,
911 2769 975 2818 non
997 2769 1086 2819 scens
1107 2757 1202 2836 atque
1224 2752 1309 2836 apud
1324 2751 1495 2818 Homerum
1516 2769 1537 2818 a
1557 2751 1653 2818 Peleo
1671 2750 1811 2818 Phoenix
1831 2751 1946 2818 Achilli
1964 2751 2028 2818 filio
2050 2751 2183 2816 daretur

442 2869 555 2935 comcs,
576 2857 613 2918 at
632 2851 703 2918 illos
724 2855 867 2918 oratores
887 2851 1053 2918 verborum
1075 2857 1110 2920 et
1129 2857 1253 2919 actores
1273 2869 1378 2918 rernm
1397 2851 1544 2920 efficeret.
1585 2851 1708 2918 Deinde
1734 2868 1819 2918 auno
1839 2849 2007 2918 Moxhlx
2021 2849 2064 2915 ad
2083 2849 2183 2916 ιίιιιιι

443 2951 662 3018 Academicum
683 2969 718 3016 se
738 2951 910 3032 transtulit,
927 2951 1131 3018 Dialecticam
1152 2953 1296 3035 primum,
1314 2955 1391 3034 post
1411 2950 1566 3017 formandi
1586 2951 1631 3017 tili
1652 2951 1751 3035 ipsios
1771 2949 1923 3017 orationis
1942 2949 2098 3015 rationem
2119 2965 2183 3014 uon

443 3051 512 3118 sine
529 3050 624 3118 laude
645 3049 773 3118 moeno
793 3067 925 3133 poeseos
946 3055 1051 3117 tamen
1070 3056 1105 3117 et
1124 3051 1291 3118 sioamm
1312 3050 1475 3118 literarum
1502 3051 1614 3118 studiis
1635 3068 1700 3116 nou
1720 3049 1883 3133 neglectis.
1924 3048 2064 3127 Quorum
2083 3047 2183 3114 ductu

443 3149 554 3216 relicta
581 3147 773 3232 professione
800 3166 883 3216 anno
917 3149 1019 3217 DLIV
1053 3149 1114 3217 sub
1150 3149 1358 3218 Autumnales
1393 3149 1548 3218 nundinas
1582 3149 1859 3218 Frauooiurtenses
1896 3149 1938 3215 ad
1976 3147 2185 3214 ministerium

444 3247 697 3316 Ecclesiasticnm
718 3248 797 3316 abiit
811 3247 1001 3332 hlilsnngam
1019 3249 1053 3316 in
1067 3250 1205 3317 statione
1221 3250 1410 3317 Academica
1423 3247 1609 3317 succedente
1621 3249 1788 3317 Matthaeo
1798 3248 1843 3333 ⁸).
1884 3247 1948 3316 Sed
1961 3266 2032 3315 cum
2045 3245 2187 3313 nondum

444 3349 593 3416 vomisset
612 3366 714 3416 annus
741 3346 924 3432 aPriudpe
949 3355 1117 3416 revocatus
1138 3367 1223 3417 anno
1245 3349 1331 3417 nLv
1350 3349 1561 3416 Ecclesiarnm
1590 3347 1777 3432 inspectioni
1800 3354 1834 3415 et
1854 3346 2051 3430 'lhaologicis
2071 3343 2185 3414 studiis

445 3446 615 3516 formandis
633 3465 717 3514 auno
738 3447 933 3514 MDLXXVI
954 3449 1133 3531 praefectus
1160 3452 1218 3516 est
1260 3449 1399 3531 Ideoque
1419 3449 1517 3514 etiam
1535 3446 1759 3531 professionem
1779 3447 1880 3531 ipsam
1899 3446 2020 3514 solenni
2043 3445 2187 3513 oratione

441 3547 642 3630 despicatus,
670 3546 842 3630 eodemque
862 3547 989 3613 Hannio
1016 3546 1186 3614 honoribus
1214 3547 1248 3613 in
1269 3547 1442 3630 llueologia
1462 3547 1592 3612 summis
1612 3553 1723 3613 auctus
1743 3551 1809 3628 est,
1831 3563 1909 3629 qnos
1929 3546 2075 3626 deinceps
2094 3543 2187 3626 qnasi

445 3664 502 3730 per
520 3663 631 3713 manus
651 3646 785 3712 traditos
804 3647 851 3712 IX
864 3645 951 3714 lunii
970 3664 1052 3712 anno
1074 3645 1254 3712 DLXXIIX
1275 3643 1370 3712 Sonio
1392 3651 1544 3728 tanquam
1564 3645 1720 3711 brabenta
1738 3645 1891 3727 elargitus
1912 3648 1963 3710 est
1982 3643 2074 3726 idem,
2091 3641 2187 3710 hanc·

446 3763 507 3826 que
527 3745 696 3828 homine'⁴)
715 3745 786 3812 iniit
803 3745 939 3828 gratiam
961 3743 1105 3827 vicissim,
1126 3749 1171 3826 at,
1192 3763 1289 3827 quum
1309 3745 1436 3810 biennio
1458 3750 1533 3828 post
1547 3744 1750 3827 occubuisset,
1771 3742 2034 3826 ispraeceptoris
2055 3760 2093 3809 ac
2111 3760 2186 3824 pro

446 3845 577 3912 motoris
605 3845 653 3912 sui
679 3844 823 3911 manibus
850 3849 1020 3928 parentare
1045 3844 1187 3910 voluerit.
1236 3841 1441 3910 Dialecticam
1466 3848 1500 3910 et
1524 3843 1726 3910 Rhetoricam
1750 3849 1889 3926 quatuor
1909 3848 1943 3909 et
1961 3860 2069 3910 sacras
2091 3841 2187 3908 etiam

445 3943 613 4026 postmodo
632 3943 742 4010 literas
762 3950 896 4025 quatuor
917 3943 1008 4010 annis
1028 3942 1135 4010 docuit
1153 3943 1337 4024 intereaque
1364 3943 1515 4025 tenpore
1541 3947 1575 4008 et
1593 3943 1782 4010 Rectoratns
1804 3948 1838 4010 et
1856 3943 2040 4010 Deeanatus
2059 3959 2186 4009 munere

446 4041 630 4124 perfunctus
652 4047 711 4110 est.
753 4041 820 4111 Sub
841 4043 907 4128 dos
929 4041 1032 4125 effigie
1050 4041 1083 4107 hi
1104 4041 1252 4110 visuntur
1270 4041 1393 4124 Pagoni
1412 4057 1540 4108 versus:

930 4147 1057 4204 Genitor
1074 4149 1223 4220 dissocies
1240 4149 1354 4205 Nicoloe'
1370 4150 1437 4206 eloe
1454 4147 1580 4220 Radices·

962 4235 1085 4291 Exterrsr'
1100 4236 1221 4305 referens
1237 4237 1364 4306 eorporis
1381 4235 1508 4306 efficiens.

929 4321 983 4378 Aac
999 4321 1086 4376 aeirei
1100 4321 1178 4392 picto
1198 4323 1313 4380 marom
1328 4321 1378 4378 aad
1397 4336 1513 4392 corpore
1529 4319 1619 4377 ιίιιιιι

963 4407 1104 4476 Artificem
1120 4413 1234 4478 reperet
1250 4408 1394 4464 aedilitate
1414 4423 1532 4462 ιιιιιιιιιιιι.

931 4491 1010 4550 Haeo
1022 4497 1104 4566 patet
1120 4493 1240 4562 ardori,
1262 4493 1307 4548 eui
1321 4499 1452 4564 praestet
1467 4493 1571 4560 uenio,
1588 4492 1706 4558 Christo,

964 4578 1049 4633 Hane
1065 4579 1147 4633 etiem
1166 4579 1270 4634 Christe*
1285 4595 1391 4650 operoso
1404 4577 1512 4650 podice
1527 4579 1636 4648 prodet.

930 4663 1006 4720 Dure
1021 4665 1075 4735 pio
1093 4664 1228 4721 Nestorea
1245 4663 1419 4736 persuadens
1435 4670 1516 4736 septo
1533 4663 1639 4733 liquore

965 4749 1070 4806 Pastor
1087 4749 1122 4808 od
1140 4750 1250 4822 infestis
1268 4757 1343 4808 ercet
1360 4751 1432 4808 cate
1452 4750 1536 4824 lepis.

554 4975 579 5042 1)
597 4971 629 5028 ln
647 4971 705 5028 cod.
724 4974 800 5030 Nom
818 4973 953 5046 euewdis,
971 4987 1051 5044 quem
1068 4973 1163 5032 dieunt
1179 4975 1354 5047 typographi,
1373 4975 1403 5032 in
1421 4981 1542 5032 extrema
1559 4975 1659 5046 pagiua
1674 4975 1759 5046 positi
1775 4973 1865 5032 iocum
1882 4979 1965 5046 ιιιιι,
1983 4975 2012 5030 in
2029 4974 2090 5046 ipso
2107 4987 2188 5037 verta

450 5059 579 5116 amioum
597 5064 647 5116 est.

451 5227 468 5286 d
552 5145 583 5284 A}
602 5144 640 5200 Cf.
659 5143 780 5244 Adamas
802 5145 849 5202 rit.
873 5145 958 5202 theol.
974 5145 1112 5220 German,
1137 5147 1184 5218 qai
1206 5163 1241 5204 or
1259 5147 1383 5203 oratione
1406 5145 1436 5202 in
1461 5145 1565 5204 ohiturn
1589 5145 1705 5218 Rodingi
1723 5165 1741 5206 a
1757 5147 1874 5219 (leoralo
1895 5147 1997 5204 Sohuio
2019 5145 2114 5205 hahita
2137 5161 2189 5205 rae

470 5243 589 5286 ιιιιιιιιι.

554 5315 584 5386 3)
603 5314 695 5386 Imago
713 5313 839 5385 Rodium.

452 5484 470 5540 d
533 5402 583 5544 estt)
602 5401 648 5460 Sic
666 5400 735 5474 Dii,
758 5401 829 5471 quod
848 5401 946 5460 'litem
962 5403 1034 5463 male
1051 5403 1164 5463 mutarit
1176 5403 1206 5462 in
1226 5403 1359 5476 looeoioa'o,¹
1380 5421 1445 5463 naua
1460 5405 1487 5463 ai
1507 5403 1683 5477 corrigendus
1699 5413 1742 5464 est
1760 5409 1890 5480 scriptor,
1908 5409 2001 5479 potius
2017 5408 2053 5465 od
2070 5407 2190 5464 imerea

470 5501 515 5541 um
