5534 6984
1253 1006 1297 1073 M.
1319 1006 1545 1074 Benedictus
1566 1008 1715 1074 hretius

713 1173 877 1239 Helvetios
899 1173 1036 1254 natione,
1060 1172 1163 1254 patria
1178 1173 1298 1238 Bemss
1319 1172 1503 1255 multijugae
1524 1177 1557 1237 et
1570 1174 1597 1253 ¹)
1624 1175 1784 1251 spectatae
1806 1170 1990 1236 eruditionis
2015 1172 2063 1235 vir
2086 1171 2117 1235 in
2133 1171 2175 1236 M.
2190 1170 2354 1254 Rudolphi,

616 1292 712 1355 quum
733 1275 760 1339 is
783 1291 865 1338 enno
887 1272 1069 1338 MDXLIIX
1089 1272 1296 1355 Fridbergam
1313 1272 1457 1351 abiisset,
1486 1271 1588 1335 locum
1609 1270 1759 1336 suffectus
1779 1270 1997 1352 Philosophiae
2017 1276 2139 1352 partem
2160 1289 2244 1352 eam,
2275 1290 2354 1353 quae

615 1375 647 1439 in
669 1374 791 1438 ratione
813 1378 847 1437 et
868 1372 1048 1437 disserendo
1068 1373 1171 1454 posita
1192 1379 1257 1454 est,
1288 1373 1334 1437 ita
1354 1370 1519 1451 tractavit,
1547 1376 1583 1435 ut
1603 1370 1721 1451 Ingenii
1742 1388 1874 1436 acumen
1897 1376 1930 1436 et
1951 1370 2085 1435 hominis
2106 1371 2354 1437 moderationem

616 1479 710 1555 atque
733 1472 918 1553 sapientiam
939 1472 1169 1538 admirarentur
1196 1489 1312 1537 omnes.
1370 1469 1508 1551 Ideoque
1537 1470 1564 1534 si
1592 1470 1659 1534 viro
1687 1471 1798 1552 pedem
1825 1470 1875 1537 hic
1903 1470 1998 1551 figere
2023 1470 2181 1551 libuisset,
2210 1470 2354 1537 fortean

614 1573 729 1652 eidem,
758 1572 841 1654 quod
861 1571 975 1636 alicubi
996 1572 1042 1635 ait
1063 1572 1219 1652 Tibullus,
1250 1571 1348 1635 niveis
1370 1570 1478 1635 Delius
1500 1570 1626 1636 alitibus
1650 1568 1787 1635 fulsisset
1802 1570 1845 1653 ²).
1889 1572 1930 1635 ht
1960 1588 2028 1635 erun
2055 1570 2205 1651 majorem
2232 1572 2355 1651 patriae

616 1674 770 1737 rationem
794 1670 938 1750 heberet,
960 1668 1097 1752 ejusdcm
1118 1688 1223 1735 aurore
1243 1669 1315 1735 hinc
1335 1670 1513 1735 abstractus
1534 1668 1660 1734 domum
1680 1669 1785 1751 rediit,
1805 1670 1995 1752 tandemque
2015 1670 2101 1734 verbi
2122 1670 2217 1734 divini
2238 1671 2355 1736 Ductor

615 1777 648 1836 et
678 1789 790 1852 praeco
823 1788 905 1835 anno
932 1768 1126 1834 MDLXXIV
1156 1770 1272 1851 Aprilis
1300 1768 1404 1851 XII⁸)
1442 1769 1584 1835 occubuit
1618 1769 1719 1835 isthic
1777 1770 1901 1851 Scripta
1932 1771 1998 1851 ejus
2032 1769 2124 1850 plena
2157 1768 2354 1850 prudentias,

615 1871 790 1953 sapientiae
810 1875 842 1935 et
861 1870 990 1951 pietatis
1012 1869 1218 1951 aTheoIogis
1240 1869 1411 1934 etiamnum
1431 1869 1463 1933 in
1484 1870 1588 1950 precio
1608 1869 1781 1950 habentur,
1810 1869 1983 1951 cujusmodi
2003 1874 2077 1934 sunt
2098 1869 2202 1935 Sacro
2223 1869 2353 1934 Proble-

615 1977 705 2038 mata
737 1971 840 2036 tribus
868 1970 1105 2051 comprehenso:
1135 1970 1371 2035 Ooromcntorio
1398 1972 1434 2033 iu
1461 1968 1578 2035 Sacros
1605 1968 1736 2035 Codices
1763 1975 1793 2035 ct
1816 1969 1998 2036 Methodus.
2048 1968 2171 2035 Nemini
2199 1969 2267 2051 ejus
2296 1968 2353 2034 hoc

615 2070 811 2136 consecrarit
831 2068 998 2135 Goelenius
1022 2068 1132 2135 Senior
1154 2066 1517 2150 hexametrojambicum:

1097 2169 1215 2224 Nomine
1231 2185 1313 2237 reque
1326 2169 1389 2237 suit
1404 2166 1569 2221 Beredictus
1586 2168 1699 2220 Aretias
1713 2168 1785 2222 ister

1131 2256 1231 2309 Nostri
1248 2255 1356 2323 Sophos
1374 2254 1561 2307 Humaniorcs
1579 2253 1725 2321 Gymnosl.

1098 2341 1205 2396 Scilicet
1223 2342 1316 2396 omnio
1332 2342 1362 2393 in
1378 2342 1430 2394 hoc
1445 2339 1659 2393 BENEDixit:
1678 2353 1778 2408 mopne
1796 2338 1917 2392 docende

1130 2428 1171 2482 Et
1189 2444 1208 2481 e
1224 2427 1302 2482 bonis
1321 2424 1438 2479 Medates
1453 2426 1559 2494 passim
1573 2425 1675 2495 proila.

1100 2514 1187 2569 Tanto
1205 2514 1278 2567 elios
1298 2513 1401 2581 topicos
1418 2512 1540 2566 eotecbot
1557 2512 1680 2565 acumine
1695 2510 1801 2575 dextro,

1131 2601 1257 2669 Reliquis
1275 2600 1352 2669 cquis
1369 2604 1501 2667 quantum
1515 2598 1645 2667 praeibat
1664 2598 1794 2666 Pepesus.

1243 2862 1442 2928 Gonrodus
1466 2862 1723 2947 Matthaeus⁴)

712 3020 898 3102 Alsleldise‚
927 3021 1011 3103 quod
1039 3020 1173 3087 Hassise
1202 3019 1377 3102 Superioris
1408 3038 1470 3085 non
1502 3020 1666 3085 obscurum
1696 3020 1856 3103 oppidum,
1896 3024 1988 3084 ustus
2015 3038 2098 3085 anno
2121 3020 2260 3086 ldDXIX
2289 3042 2351 3088 nou

613 3121 721 3201 ignota
742 3119 959 3185 Mathaeorum
984 3120 1117 3200 familie,
1145 3138 1238 3201 quam
1265 3121 1399 3201 primum
1425 3138 1481 3201 per
1510 3125 1647 3185 aetatem
1677 3121 1779 3202 potuit
1808 3119 2039 3201 aparentibus
2068 3121 2128 3201 piis
2157 3118 2255 3185 etde
2283 3114 2350 3190 filio

613 3224 697 3285 recte
723 3219 882 3285 educando
911 3220 1039 3286 solicitis
1065 3221 1098 3285 in
1125 3220 1228 3303 patris
1255 3219 1363 3285 schola
1385 3217 1548 3300 Magistris
1576 3220 1713 3284 traditus
1737 3218 1971 3284 Grammaticae
2000 3220 2097 3284 initiis
2120 3218 2218 3285 imbui
2241 3223 2347 3305 coepit

612 3318 819 3384 Postmodum
841 3338 936 3401 quum
958 3320 1183 3401 Marpurgcnse
1204 3319 1382 3402 aperiretur
1403 3320 1568 3401 Lycaeum,
1591 3320 1707 3384 aetatis
1728 3336 1809 3384 anno
1830 3320 1891 3383 XII
1911 3338 1947 3383 eo
1969 3320 2092 3397 missus,
2112 3328 2245 3403 atquae
2268 3324 2351 3389 domi

614 3418 782 3500 didicerat,
812 3420 874 3484 illic
897 3420 930 3483 in
951 3420 1156 3501 Pacdagogeo
1177 3419 1333 3485 excoleret
1355 3418 1494 3501 uberius,
1524 3436 1676 3501 usumque
1702 3420 1804 3500 ipsum
1833 3420 2016 3502 perciperet.
2068 3420 2118 3485 Sic
2146 3422 2253 3506 itaque
2283 3443 2352 3491 cum

613 3518 771 3584 biennium
792 3518 850 3584 hoc
871 3520 903 3584 in
924 3520 1026 3584 stadio
1050 3520 1241 3601 laborasset,
1269 3524 1305 3585 ut
1325 3520 1458 3600 primum
1485 3537 1523 3584 ex
1550 3519 1659 3599 pueris
1688 3520 1838 3601 excessit,
1867 3537 1905 3583 ex
1926 3520 1984 3585 hoc
2004 3520 2133 3601 pulvere
2156 3522 2351 3604 eluctatum)

613 3624 646 3683 et
666 3619 710 3683 ad
730 3617 872 3698 publicas
891 3618 1045 3683 admissus
1067 3618 1233 3700 lectiones,
1262 3620 1373 3701 majori
1394 3637 1464 3684 sese
1484 3636 1580 3699 opera
1604 3618 1645 3684 ad
1667 3617 1870 3699 audiendum,
1902 3619 2066 3700 legendum
2094 3620 2351 3704 scribendumque

612 3717 733 3782 dedidit
753 3735 790 3782 eo
812 3735 971 3798 successu,
993 3724 1029 3783 ut
1050 3719 1185 3784 triennio
1206 3723 1279 3799 post
1299 3717 1383 3782 illius
1404 3717 1499 3782 seculi
1518 3736 1604 3783 more
1625 3720 1740 3800 prims,
1763 3736 1857 3799 quam
1877 3718 2139 3784 Beccalaureatus
2161 3726 2290 3802 vocant,
2319 3727 2351 3787 ct

613 3815 714 3881 altero
736 3815 860 3881 biennio
882 3822 1008 3898 exacto,
1030 3836 1125 3899 quum
1143 3817 1208 3899 jam
1231 3817 1324 3882 XIIX
1345 3822 1429 3882 esset
1449 3822 1544 3882 natus
1565 3834 1673 3899 annos,
1697 3818 1833 3882 secunde
1854 3818 1972 3899 laurea,
1994 3837 2075 3900 quse
2096 3818 2270 3900 Magisterii
2291 3820 2350 3886 dici

612 3916 705 3997 solet,
725 3916 903 3981 donaretur.
946 3917 1050 3998 htque
1070 3923 1115 3981 1ta
1135 3916 1258 3997 quidem
1274 3916 1364 3980 brevi
1384 3916 1533 3995 temporis
1554 3917 1658 3997 spacio
1680 3916 1919 3998 encyclopsedia
1938 3917 2082 3982 absoluta
2104 3936 2140 3982 co
2160 3920 2237 4000 ipso,
2258 3937 2348 4001 quem

612 4015 762 4097 diximuS,
790 4034 873 4081 anuo
895 4016 926 4081 in
949 4016 1153 4098 Paedsgogco
1175 4034 1229 4081 css
1252 4021 1356 4097 artes,
1392 4014 1504 4097 quibus
1526 4022 1616 4081 aetas
1638 4016 1766 4098 puerilis
1786 4018 1827 4082 ad
1850 4018 2076 4082 humanitatem
2096 4018 2257 4082 informari
2278 4037 2348 4083 con-

612 4116 731 4196 suevit,
759 4116 885 4181 tradere
907 4116 1027 4197 coepit,
1056 4134 1153 4196 coque
1177 4116 1211 4178 iu
1232 4132 1359 4180 munere
1386 4113 1502 4180 difficili
1530 4132 1606 4180 sane
1633 4121 1666 4180 ct
1687 4133 1836 4197 perquam
1856 4117 2004 4197 molesto,
2035 4134 2113 4197 non,
2141 4118 2223 4197 quod
2252 4118 2349 4181 intimi

612 4215 714 4280 solent
741 4214 897 4295 homines,
927 4216 1024 4280 veluti
1048 4216 1226 4280 mercedula
1253 4214 1361 4296 aliqua
1388 4214 1558 4291 adductuS,
1594 4214 1649 4280 sed
1679 4219 1831 4295 tanquam
1860 4216 1887 4279 is
1919 4216 1972 4296 qui
1996 4215 2151 4296 publicam
2180 4216 2348 4281 utilitatem

612 4315 742 4396 privatis
763 4314 930 4379 commodis
952 4321 1145 4396 anteponens
1167 4316 1200 4379 in
1224 4315 1342 4380 inculto
1364 4318 1398 4380 et
1417 4313 1566 4379 derelicto
1594 4314 1661 4378 solo
1688 4324 1806 4379 sereret
1829 4314 1977 4395 fideliter,
2003 4332 2102 4395 equo
2124 4315 2295 4380 uberrimos
2316 4320 2349 4381 et

612 4413 799 4479 laetissimos
827 4412 947 4478 fructus
974 4414 1141 4495 aliquando
1168 4414 1266 4479 ferret
1292 4414 1433 4479 Ecclesia
1456 4418 1489 4478 et
1508 4413 1710 4495 Respubhca‚
1742 4415 1788 4479 XI
1809 4433 1907 4480 annos
1934 4420 2077 4480 versatus
2106 4423 2165 4480 est.
2213 4415 2349 4498 Ideoque

611 4532 705 4595 quum
734 4512 918 4579 Academiae
944 4514 1085 4596 patribus
1116 4514 1302 4579 iudustriam
1331 4513 1454 4578 fidelem
1481 4531 1518 4578 ac
1546 4512 1737 4595 diligentiam
1766 4515 1844 4580 satis
1876 4532 2032 4597 superque
2058 4515 2279 4596 approbasset,
2307 4515 2347 4579 ab

610 4612 719 4679 iisdem
741 4612 894 4694 Principis
922 4613 1117 4679 authoritate
1145 4613 1373 4693 intercedente,
1403 4630 1485 4679 anno
1507 4612 1613 4678 MDLI
1641 4614 1673 4677 in
1694 4613 1909 4679 Professorum
1933 4632 2094 4680 numerum
2122 4620 2286 4695 cooptatus
2315 4620 2348 4680 et

611 4713 767 4794 historias,
789 4712 900 4795 quibus
919 4731 1025 4778 rerum
1047 4718 1187 4778 veterum
1208 4730 1278 4778 cum
1300 4712 1457 4795 superiore
1480 4718 1586 4777 aetate
1607 4714 1785 4778 conteritur
1805 4715 1964 4791 memoris,
1985 4712 2141 4796 applicare
2159 4716 2267 4797 iussus
2289 4722 2346 4780 est.

610 4814 653 4878 ht
673 4830 769 4893 quum
790 4830 871 4876 anno
892 4813 985 4877 tertio
1010 4819 1084 4893 post
1103 4812 1265 4895 Rodingus
1284 4812 1481 4894 Melsungam
1510 4812 1655 4894 chilsset,
1690 4814 1723 4879 in
1747 4814 1815 4897 ejus
1844 4815 1944 4881 locum
1974 4813 2126 4883 suffectus
2148 4814 2345 4895 Rhetoricen,

709 5014 739 5080 1)
757 5010 849 5079 Imago
867 5009 963 5065 Aretii.

709 5098 739 5165 2)
758 5096 857 5151 Tibull.
873 5096 923 5166 III,
940 5098 963 5166 6,
983 5098 1008 5151 8.

709 5185 737 5252 3)
756 5182 800 5237 Sic
818 5183 885 5253 Dil,
907 5196 987 5250 quern
1005 5181 1142 5237 Freherns
1161 5181 1294 5251 seqnitur,
1313 5179 1427 5236 forsitan
1445 5196 1495 5252 per
1514 5183 1609 5239 calami
1628 5184 1747 5253 lapsum
1766 5199 1828 5239 narn
1846 5181 1971 5251 Nigidius
1991 5181 2016 5237 d.
2036 5182 2115 5237 XXII
2134 5182 2236 5253 aprilli
2255 5182 2344 5237 habet

707 5273 737 5337 4)
755 5268 786 5322 In
802 5269 855 5323 hsc
873 5268 928 5322 vita
946 5268 1029 5336 paulo
1048 5268 1160 5325 cherlus
1178 5264 1355 5323 describenda
1372 5267 1426 5323 Dil.
1446 5285 1511 5325 usus
1533 5285 1594 5326 esse
1611 5270 1715 5327 ridetur
1733 5271 1812 5326 Bern.
1833 5268 1914 5340 Copia·
1931 5269 2055 5325 orstIone
2083 5268 2117 5325 de
2141 5270 2196 5325 vita
2221 5274 2249 5323 et
2270 5267 2344 5322 obitu

610 5354 639 5410 C.
657 5353 797 5411 Matthaei,
819 5354 943 5411 Francol.
964 5358 1081 5411 1581ss

711 5440 741 5510 5)
760 5441 849 5510 Imago
868 5439 1009 5497 Matthaei
