5534 6984
599 808 643 876 56

596 996 664 1061 siue
677 995 852 1078 priuilepio
874 994 995 1059 monem
1015 997 1252 1061 enarrationem
1273 995 1316 1060 ad
1330 995 1540 1075 cognitionem
1552 996 1656 1078 legum
1671 1001 1847 1082 comprimis
1864 1004 2088 1068 necessarium:
2111 1006 2164 1071 De
2179 1006 2344 1076 Sententia

597 1118 655 1164 seu
671 1096 940 1178 pronunciatione
950 1094 1092 1176 judicis,
1120 1112 1214 1174 quam
1238 1093 1455 1176 jurisconsulti
1485 1093 1524 1161 ab
1554 1094 1669 1163 effectu
1695 1117 1763 1163 rem
1789 1105 1903 1166 vocant
1925 1101 2113 1183 judicatam:
2141 1106 2194 1172 De
2215 1110 2294 1190 jure
2315 1118 2346 1176 et

598 1199 758 1280 aequitate
775 1196 940 1277 forensem
971 1194 1241 1275 disputationem:
1271 1192 1480 1260 Oollationem
1506 1193 1603 1261 duris
1635 1196 1750 1263 OEoilis
1780 1206 1810 1265 et
1839 1199 2009 1266 canonici:
2029 1202 2287 1285 Replicationem
2307 1210 2344 1274 L.

598 1297 767 1380 dipiaruari
789 1293 823 1360 0.
845 1294 884 1358 do
904 1295 1030 1376 inpenu.
1051 1314 1166 1358 manu:
1189 1291 1241 1358 De
1264 1292 1524 1375 Enepuutoribus
1545 1294 1621 1358 itam
1644 1297 1833 1365 ultimarum
1851 1301 2066 1368 voluntatum:
2088 1302 2141 1369 De
2162 1309 2255 1387 copia
2275 1330 2345 1374 oer-

597 1398 707 1462 lorum
728 1400 759 1460 et
777 1413 885 1459 rerum
911 1394 947 1456 in
967 1393 1046 1475 jure
1066 1391 1180 1458 Ciuili:
1210 1392 1482 1457 Restaurationem
1502 1393 1642 1474 politiae
1669 1397 1761 1462 urbis
1782 1399 1881 1466 Ram:
1911 1418 1948 1466 ac
1969 1400 2179 1484 Digestorum
2199 1408 2343 1475 indicem.

596 1495 661 1563 Sub
683 1496 750 1577 ejus
769 1492 851 1559 iconi
871 1490 903 1556 hi
925 1491 1046 1572 Pagani
1065 1490 1215 1572 tegnam
1235 1509 1361 1556 versus:

1081 1591 1182 1660 Aspice
1203 1589 1331 1644 Caesarei
1347 1587 1530 1643 reamandum
1549 1589 1630 1644 luris
1648 1590 1794 1660 Albinam,

1120 1677 1203 1746 Quem
1222 1678 1296 1730 tenui
1312 1675 1399 1730 solers
1410 1675 1500 1742 finxit
1516 1675 1547 1727 in
1563 1690 1627 1728 aare
1644 1691 1749 1732 mannes.

1084 1761 1321 1830 Oldendorpiacoe
1339 1760 1422 1814 decus
1436 1761 1499 1814 binc
1518 1766 1544 1814 et
1559 1762 1652 1830 plor-ia
1668 1767 1757 1833 pontis

1116 1848 1243 1901 Dicitur:
1260 1848 1380 1901 Ausonii
1395 1852 1496 1916 portus
1515 1853 1542 1900 et
1556 1864 1628 1902 aura
1641 1849 1712 1917 sor-i.

596 1945 690 2030 Apud
706 1944 865 2028 Nigidium
887 1957 960 2006 vero
982 1937 1039 2004 boc
1060 1951 1185 2000 carmen
1202 1933 1245 2014 ¹):

1084 2032 1187 2101 Mapne
1208 2030 1386 2100 Olderrdorpi,
1405 2037 1435 2084 tu
1454 2034 1547 2086 oioens
1560 2032 1636 2100 juris
1654 2036 1760 2104 asylum

1117 2118 1315 2187 Gyrnnasiipue
1332 2114 1417 2182 bimus
1434 2118 1478 2171 sol
1497 2119 1571 2172 uelut
1588 2136 1660 2174 uuus
1678 2136 1753 2176 eras:

1079 2202 1194 2258 Dudum
1214 2201 1435 2271 prrarrdopuidem
1457 2219 1573 2272 superas
1591 2206 1732 2261 inuaserat
1750 2223 1822 2274 oras,

1116 2288 1167 2342 Cui
1184 2287 1276 2343 solido
1295 2303 1313 2341 a
1328 2287 1411 2355 serra
1428 2289 1518 2341 nobile
1535 2305 1632 2343 nomen
1649 2297 1716 2345 erat.

1081 2375 1188 2428 Multos
1206 2374 1344 2441 scripsisti
1361 2373 1453 2439 libros,
1473 2389 1541 2441 auos
1562 2374 1710 2444 &munus
1728 2383 1809 2445 atque

1117 2460 1262 2529 Gryphius
1280 2460 1387 2513 ornatis
1406 2460 1547 2514 excoluere
1565 2461 1655 2529 typis:

1082 2547 1155 2615 Quin
1165 2551 1191 2600 et
1206 2545 1353 2609 Weclrelus,
1370 2552 1464 2599 noster
1479 2561 1586 2613 quaque
1599 2546 1705 2612 Colbus,
1723 2546 1820 2601 iisdem
1830 2550 1856 2615 ²)

1111 2631 1312 2686 Auniliotrices
1330 2630 1479 2685 adhiberem
1492 2633 1514 2698 Ι)
1533 2647 1638 2686 manus.

1081 2717 1144 2770 Hos
1162 2719 1187 2770 si
1205 2718 1268 2786 quis
1286 2718 1384 2781 recitet,
1404 2718 1503 2770 srrmmi
1520 2733 1627 2786 puroque
1644 2716 1745 2786 sydera
1762 2717 1830 2771 coeli

1114 2805 1204 2870 Atque
1222 2803 1307 2856 maris
1321 2803 1427 2872 flnctus
1445 2804 1471 2856 is
1490 2818 1632 2856 numerare
1649 2803 1721 2855 velit.

1080 2885 1154 2953 Ejus
1172 2888 1202 2940 in
1220 2903 1266 2941 ore
1279 2887 1340 2954 fnit
1356 2889 1448 2942 erebro
1467 2888 1601 2943 amicat-ia
1619 2888 1719 2942 Pauli:

1122 2973 1186 3026 Vita
1205 2975 1271 3027 ntor·
1291 2971 1425 3039 arista,
1443 2990 1517 3029 mors
1534 2975 1602 3027 mebi
1619 2973 1696 3026 dulce
1715 2973 1828 3026 lucrum.

1083 3057 1221 3124 Gonp'ioere
1239 3058 1310 3112 unde
1330 3060 1399 3124 licet,
1418 3067 1537 3128 quantus
1552 3061 1667 3128 pietatis
1690 3064 1799 3112 amator

1114 3145 1251 3198 Extiterit
1269 3162 1354 3198 canus
1373 3145 1578 3214 decrepitusque
1593 3161 1682 3199 scaea.

1264 3355 1432 3419 loannes
1460 3355 1673 3420 Lersnerus.

718 3517 756 3582 In
786 3517 845 3582 hac
867 3517 1039 3582 Hessorum
1069 3517 1146 3583 urbe
1175 3523 1311 3601 natus⁴)
1339 3537 1378 3586 ea
1398 3538 1418 3584 a
1439 3535 1537 3602 puero
1558 3518 1668 3584 didicit
1679 3520 1725 3601 ³),
1753 3537 1833 3600 quae
1859 3538 1924 3583 non
1946 3520 2071 3601 quidem
2092 3519 2134 3585 ad
2157 3523 2290 3601 speciem
2309 3527 2341 3585 et

594 3617 803 3700 prolusionem
823 3616 920 3681 veluti
941 3616 1169 3698 gladiatoriam,
1188 3618 1243 3683 sed
1263 3619 1304 3683 ad
1322 3637 1413 3684 usum
1435 3620 1538 3700 ipsum
1558 3617 1664 3683 valere
1684 3618 1867 3683 viderentur
1881 3621 2057 3700 praecipue,
2079 3624 2116 3683 ut
2139 3618 2283 3684 videlicet
2301 3621 2340 3684 iis

595 3718 672 3798 ipsis
695 3717 876 3796 sententia,
897 3716 1011 3797 quibus
1035 3723 1105 3797 tyro
1127 3718 1321 3797 proluserat,
1351 3719 1383 3782 in
1405 3719 1525 3782 erudito
1547 3717 1678 3798 pulvere
1698 3736 1841 3799 pugnare
1861 3724 1971 3800 posset
1992 3719 2108 3783 aetatis
2131 3716 2259 3782 adultae
2282 3719 2339 3783 vir.

596 3816 731 3896 ideoque
752 3818 921 3896 postquam
948 3816 1043 3879 etiam
1064 3834 1187 3880 omnem
1212 3817 1275 3882 vim
1295 3816 1544 3898 varietatemque
1567 3817 1646 3898 juris
1667 3835 1786 3882 summo
1807 3817 1910 3883 studio
1936 3819 2128 3899 summisque
2152 3817 2341 3882 Doctoribus

596 3913 830 3997 comprehendit
849 3918 1013 3995 accurate,
1043 3915 1261 3980 institutiones
1283 3917 1447 3997 praecipue
1469 3915 1685 3981 lintinianeas
1706 3916 1765 3981 sibi
1784 3917 1940 3998 seposuit,
1968 3917 2001 3981 in
2021 3916 2133 3997 quibus
2155 3916 2341 3996 elaboraret,

596 4015 651 4080 sed
672 4016 718 4080 ita
738 4019 850 4094 tamen,
872 4020 910 4076 ut
928 4014 1023 4077 etiam
1045 4013 1187 4096 Reipubl.
1216 4015 1372 4096 regendae
1394 4015 1505 4080 summi
1528 4014 1697 4081 Dicastcrii
1721 4034 1863 4081 assessor
1883 4016 2075 4081 constitutus
2096 4020 2218 4096 partem
2244 4016 2341 4079 attin-

595 4120 694 4196 geret
737 4115 828 4178 Anno
850 4130 973 4194 quoque
994 4113 1178 4178 MDXLVH
1192 4115 1378 4180 Academiae
1401 4115 1550 4179 tractavit
1565 4115 1779 4194 gubernacula
1800 4135 1837 4180 eo
1853 4135 1929 4180 sane
1943 4121 2093 4196 tempore,
2120 4123 2182 4196 quo
2199 4115 2340 4179 maximis

595 4215 628 4278 in
650 4212 785 4278 luctibus
805 4211 994 4277 versabatur
1015 4213 1129 4294 patria.
1180 4214 1261 4278 Nam
1283 4214 1442 4279 Saxonum
1461 4215 1548 4279 Duce
1569 4219 1679 4295 capto,
1709 4215 1839 4296 ejusque
1868 4216 2004 4280 exercitu
2030 4213 2101 4278 fuso
2121 4213 2220 4278 hostis
2242 4215 2341 4278 immi-

595 4313 690 4380 nebat
717 4312 851 4377 Hassiae
879 4312 1008 4394 tinibus,
1040 4318 1073 4378 et
1103 4313 1392 4395 pestilentissimum
1420 4319 1545 4394 tempus
1573 4313 1605 4377 iu
1634 4331 1686 4378 eos
1715 4314 1875 4379 saeviebat
1901 4316 2085 4395 praecipue,
2120 4314 2172 4395 qui
2203 4313 2340 4394 corporis

595 4412 804 4495 praestabant
826 4411 959 4493 viribus,
990 4412 1036 4476 ita
1064 4417 1101 4478 ut
1123 4430 1213 4478 senes
1233 4413 1417 4494 reliquaque
1438 4412 1531 4477 turba
1551 4412 1683 4477 imbellis
1713 4431 1733 4476 a
1761 4415 1905 4494 contagio
1927 4430 2058 4494 prorsus
2080 4419 2165 4477 esset
2185 4412 2338 4476 immunis.

597 4512 679 4590 Quin
698 4517 731 4577 et
752 4510 966 4592 Landgravius
990 4511 1118 4577 taudem
1144 4514 1211 4593 ipse
1242 4513 1274 4577 in
1297 4511 1442 4577 Caesaris
1469 4512 1635 4577 arbitrium
1654 4518 1748 4594 atque
1768 4517 1961 4595 potestatem
1985 4512 2087 4592 venit,
2117 4512 2340 4592 Iberorumque

597 4718 631 4778 et
650 4711 855 4779 meditatione
875 4709 1009 4776 obeundi
1030 4711 1080 4774 sui
1101 4711 1239 4776 muueris
1262 4712 1396 4776 excessit
1417 4729 1435 4774 e
1455 4711 1523 4775 vita
1543 4710 1618 4774 XIX
1640 4711 1785 4776 ianuarii
1805 4729 1888 4776 anno
1902 4712 1958 4777 DL
1973 4718 2005 4776 et
2027 4711 2060 4775 in
2080 4727 2200 4774 summo
2224 4709 2339 4789 templo

596 4813 740 4877 conditus
762 4814 820 4892 est,
842 4810 929 4892 cujus
948 4809 1058 4877 laudes
1077 4810 1214 4875 breviter
1235 4812 1267 4875 in
1290 4810 1505 4875 Professorum
1524 4808 1661 4874 Elcncho
1684 4809 1847 4892 Nigidius:

811 4921 984 4929 *ῥυ-οη.

700 4977 728 5046 1)
748 4975 850 5044 Nigidii
875 4990 983 5030 carmen
1006 4975 1129 5042 pluribus
1160 4975 1228 5029 locis
1253 4976 1422 5029 immutatum
1447 4980 1536 5028 exstat
1559 4974 1631 5042 apud
1657 4974 1830 5030 Boissardum
1855 4975 1882 5028 in
1904 4975 1961 5028 rita
1985 4972 2099 5026 Oldcud.
2124 4973 2205 5028 alteri
2230 4973 2339 5027 leonum

596 5063 667 5131 parti
686 5064 796 5117 inserta.

698 5151 725 5215 2)
743 5149 775 5202 In
793 5147 894 5217 Nigidii
912 5149 1035 5202 Eleneho
1055 5155 1143 5203 exstat
1160 5149 1277 5214 Collr'us,
1297 5147 1399 5200 iisdem.

699 5236 727 5302 3)
745 5234 836 5302 Nigid.
855 5237 1006 5289 cudibuore.

699 5321 729 5390 l)
749 5321 780 5374 ln
811 5320 931 5388 margine
955 5319 1076 5376 additum
1099 5326 1140 5374 est
1163 5336 1236 5374 arena
1261 5326 1347 5386 1522,
1375 5335 1455 5387 quern
1477 5337 1575 5375 annum
1592 5320 1728 5376 Freherus
1749 5319 1868 5387 recepit3
1886 5319 2039 5374 Striederue
2057 5326 2152 5374 contra
2180 5333 2204 5372 a.
2228 5315 2335 5371 manu

596 5423 656 5462 eum
675 5414 767 5464 natum
786 5421 846 5461 esse
864 5407 953 5462 uadit

696 5494 726 5562 d)
744 5493 835 5549 Locus
853 5493 985 5562 imaginis.
