5534 6984
593 832 639 905 92

593 1038 749 1101 sustinuit.
801 1038 904 1115 Atque
934 1035 1074 1099 veterani
1106 1035 1206 1099 instar
1231 1031 1339 1097 militis
1376 1032 1414 1097 de
1446 1031 1555 1097 ordine
1588 1032 1622 1097 iu
1659 1032 1799 1099 ordinem
1835 1035 1991 1099 transiens
2027 1036 2109 1100 iuter
2141 1035 2330 1103 Medicorum

592 1135 820 1199 ordinariorum
847 1133 993 1199 subsellia
1022 1132 1165 1199 substitit
1198 1132 1320 1198 demum
1353 1137 1386 1197 et
1418 1130 1526 1197 utilem
1565 1150 1693 1213 prorsus
1722 1131 1908 1198 Academiae
1932 1135 2024 1201 XXII
2045 1153 2144 1201 annos
2172 1155 2234 1201 non
2265 1138 2333 1202 sine

588 1233 764 1317 juventutis
793 1232 952 1297 studiosae
980 1233 1087 1298 fructu
1117 1236 1150 1297 et
1181 1231 1341 1297 commodo
1371 1230 1488 1296 locavit
1518 1248 1645 1311 operam
1671 1230 1788 1297 Decumi
1816 1233 1945 1313 insuper
1975 1236 2070 1300 tertie
2099 1242 2130 1300 et
2160 1237 2273 1303 summi
2301 1238 2332 1301 in

592 1332 760 1397 Academia
781 1332 989 1415 Magistratus
1017 1332 1172 1415 dignitate
1202 1331 1337 1397 secunde
1364 1330 1431 1395 vice
1456 1334 1569 1395 auctus
1584 1329 1620 1410 ¹).
1670 1330 1703 1397 Si
1731 1331 1850 1413 scripta
1877 1339 2013 1416 anactea,
2041 1334 2152 1401 Icoues
2181 1338 2332 1416 stirpium

592 1439 687 1514 etque
706 1433 901 1514 plectarum
927 1439 993 1498 tom
1020 1433 1267 1516 inquilinorum,
1295 1452 1391 1513 quom
1419 1430 1614 1495 ereticorum
1642 1432 1799 1498 secundae
1826 1440 1856 1499 et
1883 1435 1996 1500 tertiae
2017 1438 2129 1515 pertis
2154 1434 2200 1500 D.
2217 1434 2332 1501 Jacobs·

593 1532 752 1598 licentiori
766 1532 1072 1599 Toberuaemoutcui
1090 1531 1157 1597 suis
1175 1529 1405 1596 commentariis
1424 1527 1595 1595 illustravit
1616 1534 1650 1594 ct
1670 1528 1879 1612 locupletavit.
1922 1534 1959 1599 In
1980 1532 2073 1615 heim
2089 1533 2147 1599 viri
2166 1535 2333 1617 imaginem

592 1630 618 1695 E
640 1630 737 1697 linus:

619 1651 640 1713 g
1075 1729 1182 1783 Ductor
1199 1734 1225 1783 et
1242 1725 1348 1781 medico
1366 1724 1504 1779 Nicotaus
1521 1724 1618 1780 Bruao
1634 1727 1781 1797 professor

1109 1816 1190 1879 Arte,
1210 1812 1417 1882 Hippocraticu
1436 1827 1492 1865 uon
1511 1812 1569 1865 siue
1587 1810 1642 1881 lepe
1655 1812 1744 1881 fecit:

1074 1898 1237 1968 Discipulos
1253 1895 1408 1952 medroduru
1425 1895 1572 1967 docuitque
1583 1896 1706 1967 fideliter
1721 1914 1810 1965 uuun,

1111 1985 1196 2055 Quen
1209 1999 1341 2055 praecem
1358 1984 1450 2036 oium
1467 1985 1532 2038 ciue
1550 1986 1649 2040 tabella
1666 1986 1759 2055 refert.

592 2074 639 2137 Ite
663 2077 742 2137 bona
762 2070 931 2135 sobrietate
951 2073 1281 2151 anagrammatismum
1302 2071 1335 2135 in
1360 2088 1474 2134 nomen
1495 2070 1614 2136 Nicolai
1628 2072 1790 2139 ›Brunonis
1816 2070 1855 2135 li.
1877 2068 2067 2139 Fabronius:
2098 2073 2236 2139 BONUS
2262 2074 2333 2139 VIR

592 2172 745 2237 LACON:
769 2190 806 2233 ex
828 2187 888 2249 quo
910 2169 1067 2249 colligitur
1088 2170 1295 2236 NICOLAUS
1316 2170 1468 2235 BRUMO.

1076 2272 1173 2326 Leeou
1189 2270 1268 2324 mella
1284 2271 1379 2338 coquis
1397 2269 1466 2324 dure
1482 2269 1653 2324 corrdimerrtu
1671 2270 1782 2335 wieder,

1092 2356 1226 2411 «Praeter
1241 2360 1350 2410 ocetoro
1368 2371 1481 2423 memque
1497 2356 1603 2425 liquore
1620 2356 1713 2410 calm

1078 2441 1166 2512 Quod,
1175 2442 1327 2507 oriBruuo,
1335 2441 1406 2496 berto
1418 2440 1521 2496 medice
1530 2448 1611 2511 atque
1621 2442 1711 2498 circio
1721 2442 1849 2512 bonoim)

1111 2526 1253 2597 Convenit,
1272 2541 1304 2582 eu
1321 2542 1418 2582 nomen
1435 2528 1555 2583 continet
1572 2542 1650 2583 omne
1667 2533 1753 2583 turem.

1077 2614 1142 2670 Nou
1156 2630 1229 2684 eope
1245 2614 1377 2681 luxuries,
1395 2629 1465 2683 quoe
1477 2629 1597 2684 corpora
1606 2614 1732 2683 plurimo
1744 2616 1849 2681 sternit,

1110 2700 1165 2755 Sed
1181 2706 1244 2756 ceto
1261 2701 1409 2762 sobrietas,
1425 2715 1494 2769 quae
1512 2700 1576 2755 berre
1593 2714 1694 2771 corpur
1708 2700 1767 2755 ulit

1229 2930 1416 2997 Henricus
1443 2931 1692 3014 Ellenbergcr

691 3084 1046 3164 Catio-Homburgensis
1077 3089 1168 3164 patre
1205 3089 1238 3146 et
1266 3084 1334 3163 ipso
1360 3081 1481 3147 Medico
1512 3088 1606 3147 natus
1638 3082 1781 3148 Echardo
1795 3086 1824 3166 ³)
1855 3084 2094 3164 Elleubergero‚
2129 3085 2328 3153 humaniores

593 3189 715 3264 literas
743 3203 877 3266 quarum
906 3183 1108 3248 fundamenta
1134 3182 1167 3245 in
1192 3182 1304 3262 patriis
1333 3180 1448 3248 scholis
1472 3187 1621 3262 posuerat
1649 3183 1789 3265 egregie,
1822 3182 1985 3263 Marpurgi
2013 3190 2045 3249 et
2073 3184 2144 3249 dein
2174 3186 2206 3250 in
2236 3188 2330 3252 Italia

593 3287 714 3352 Patavii
734 3284 849 3364 insigni
871 3282 1006 3348 Hassiec
1028 3281 1181 3361 Principis
1201 3280 1342 3346 Mauritii
1362 3282 1573 3348 munificentia
1593 3282 1731 3363 adjutus
1753 3282 1836 3367 quod
1852 3301 1929 3364 puer
1950 3283 2106 3348 omisisset
2128 3292 2330 3366 praemature

591 3392 729 3470 patrem,
747 3383 869 3449 medica
890 3388 959 3446 arte
980 3380 1029 3445 vel
1050 3380 1191 3462 inprimis
1212 3379 1431 3462 locupletarit,
1461 3382 1506 3447 ita
1526 3389 1562 3445 ut
1589 3400 1653 3447 non
1674 3383 1774 3448 solum
1795 3388 1961 3464 paternam
1980 3383 2159 3448 memoriam
2182 3404 2331 3452 revocare

593 3495 626 3551 et
647 3502 764 3566 augere
786 3488 915 3563 posset,
940 3499 1049 3546 verum
1078 3480 1173 3546 etiam
1200 3479 1381 3562 peritissimi
1403 3482 1554 3563 cujusque
1569 3482 1685 3562 judicio
1705 3490 1837 3564 propter
1859 3483 2111 3548 exercitationem
2132 3485 2332 3567 studiumque

593 3587 774 3651 acerrimum
795 3584 877 3647 inter
898 3599 974 3645 suae
994 3579 1111 3645 aetatis
1132 3579 1272 3645 homines
1299 3578 1390 3645 facile
1415 3585 1537 3646 teneret
1566 3581 1694 3661 primas.
1744 3582 1878 3663 ideoque
1900 3600 1963 3645 non
1982 3581 2084 3647 solum
2105 3582 2228 3648 Patavii
2249 3584 2331 3651 Con-

593 3686 703 3751 siliarii
724 3683 860 3747 nationis
883 3681 1087 3747 Germanicae
1108 3680 1300 3745 Medicorum
1321 3680 1473 3745 sustinuit
1494 3698 1621 3761 munus,
1657 3681 1741 3761 quod
1762 3682 1866 3761 ipsum
1893 3699 1950 3762 per
1978 3699 2013 3745 se
2045 3682 2206 3763 egregium
2227 3691 2277 3750 est
2299 3693 2331 3749 et

593 3784 842 3849 doctissimorum
864 3780 1022 3844 hominum
1043 3778 1255 3843 familiaritate
1276 3779 1417 3860 implicat
1445 3797 1483 3844 ac
1511 3780 1663 3861 amicitia,
1697 3780 1749 3861 qni
1776 3798 1812 3844 eo
1833 3779 2021 3860 iunguntur,
2050 3799 2157 3846 verum
2179 3784 2272 3848 etiam
2293 3803 2331 3848 err

593 3885 685 3949 ltalia
715 3882 815 3945 redux
846 3880 1000 3960 Principis
1040 3879 1136 3959 ipsius
1171 3879 1263 3959 J'ussu
1298 3896 1335 3943 ae
1374 3879 1534 3943 voluntate
1568 3879 1657 3944 lauro
1687 3878 1850 3959 Apollineo
1881 3879 2023 3944 manibus
2054 3880 2185 3945 Joaunis
2215 3882 2331 3948 Woltfii

594 3984 700 4049 XXIX
720 3979 837 4063 Aprilis
859 3996 941 4044 anno
961 3978 1066 4043 Muci
1087 3982 1257 4043 coronetur
1276 3982 1309 4042 et
1328 3978 1360 4041 in
1381 3977 1572 4043 Medicorum
1597 3996 1758 4043 numerum
1786 3977 1977 4044 asscribitur.
2028 3978 2091 4045 Sed
2120 3999 2188 4045 cum
2220 3988 2332 4064 postea

594 4084 698 4164 elapso
720 4080 866 4147 sexennio
888 4076 1073 4143 conditionis
1093 4065 1257 4158 pertaesus
1278 4076 1486 4143 dimissionem
1509 4077 1697 4159 efflagitaret
1716 4078 1943 4161 aPrincipe⁴),
1963 4078 2127 4144 abeodem
2144 4081 2330 4161 aliquandiu

595 4180 724 4247 docendi
746 4197 871 4243 munere
900 4176 1058 4242 abstinere
1081 4176 1221 4258 jubetur,
1270 4177 1425 4245 Dimissus
1453 4183 1558 4243 umen
1585 4185 1743 4259 postremo
1766 4177 1987 4259 midebergam
2010 4178 2274 4246 Wetteraviorum
2297 4201 2332 4248 se

594 4280 729 4348 contulit
757 4290 790 4343 et
816 4277 889 4342 iude
915 4295 935 4340 a
963 4276 1234 4342 Reverendissimo
1261 4276 1579 4360 Magdeburgensium
1611 4277 1755 4359 praesule
1789 4278 1833 4343 ad
1860 4277 2015 4344 Archiatri
2044 4295 2154 4345 munus
2184 4288 2330 4348 evocatus

594 4379 708 4444 Halem
729 4377 806 4443 abiit
827 4375 999 4456 Saxonum,
1021 4376 1072 4441 ubi
1094 4376 1220 4441 tandem
1240 4377 1325 4442 vitae
1348 4383 1520 4443 extremum
1543 4376 1641 4443 edidit
1661 4376 1822 4459 spiritum,
1852 4376 1942 4442 horno
1965 4376 2110 4444 doctrina
2129 4381 2331 4461 pereruditus

595 4479 709 4559 multa,
730 4476 848 4558 dequo
870 4476 1002 4557 Eglinus

696 4678 723 4748 1)
743 4678 801 4732 Hoc
818 4678 892 4732 inre
909 4687 981 4733 errat
998 4678 1066 4745 Dil.;
1090 4694 1152 4733 nam
1174 4679 1235 4747 ipse
1259 4677 1287 4731 in
1312 4677 1457 4733 Rectorem
1482 4678 1612 4749 catalogo
1640 4678 1723 4733 semel
1756 4682 1859 4733 tantum
1881 4677 2022 4734 Nicolaum
2046 4677 2136 4735 Breuu
2161 4680 2271 4737 exhibet
2295 4682 2330 4737 ad

596 4760 871 4835 a.1610,nequein
887 4764 960 4818 Albo
977 4765 1053 4820 acad.
1071 4764 1181 4833 saepius
1199 4765 1251 4817 hoc
1269 4778 1365 4817 munus
1384 4764 1503 4818 Brunoni
1530 4765 1688 4832 assignatur.
1731 4762 1808 4830 Quod
1832 4764 1886 4819 Dil.
1905 4762 1980 4817 XXll
2000 4780 2083 4819 annos
2109 4765 2137 4819 in
2165 4764 2330 4824 medicorum

595 4850 789 4906 ordinariorum
807 4865 919 4904 numero
938 4866 1000 4904 eum
1016 4851 1100 4905 tuisse
1119 4850 1232 4917 indicat,
1251 4848 1314 4903 inde
1332 4849 1400 4902 haec
1418 4866 1470 4903 non
1488 4857 1550 4919 post
1567 4866 1590 4903 e.
1611 4852 1678 4903 1622
1696 4850 1799 4918 scripta
1817 4865 1879 4904 esse
1897 4856 2019 4918 apparet.

695 4936 725 5003 2)
743 4936 789 4991 Sic
805 4952 856 4992 scr.
874 4937 943 5005 uit,
962 4951 1041 5003 quem
1059 4936 1155 5004 rerba,
1174 4950 1244 5003 quse
1262 4934 1376 4989 reddere
1397 4935 1495 5006 voluit,
1527 4936 1619 5004 legere
1642 4952 1696 4988 non
1717 4934 1839 5003 potuisse
1861 4942 1943 5004 paret
1984 4936 2027 4990 An
2045 4937 2175 5005 scripturn
2195 4947 2252 4995 erat
2270 4943 2329 4996 uiro

489 5035 492 5041 ·
595 5023 732 5087 sobrinae,
754 5021 825 5091 quod
846 5023 957 5076 verbum
974 5021 1047 5089 apud
1063 5022 1225 5090 Cypriorum
1244 5022 1351 5075 emtor?
1380 5021 1518 5090 Syllabam
1535 5023 1649 5090 primam
1667 5028 1762 5076 contre
1785 5038 1863 5077 usum
1888 5029 2040 5090 correptum
2064 5024 2128 5078 huie
2150 5032 2249 5093 poetae
2266 5042 2330 5081 con·

597 5107 763 5164 donabimus.
811 5108 843 5161 ln
865 5108 918 5162 vol.
949 5108 1023 5161 Cass.
1046 5107 1173 5162 Fabronii
1200 5107 1283 5161 verbe
1311 5106 1379 5160 haec
1411 5115 1485 5161 sunt:
1524 5109 1616 5179 Quod,
1643 5109 1681 5161 mi
1711 5109 1823 5173 Bruuo,
1858 5109 1942 5174 boreo,
1975 5108 2081 5165 modico
2110 5116 2191 5179 atque
2219 5112 2331 5167 morare

597 5194 686 5249 labori
705 5197 710 5263 1
730 5196 847 5249 Ascrwto
870 5200 940 5247 recte
957 5195 1093 5259 eumeuii,
1119 5210 1190 5259 ecce,
1212 5196 1280 5248 uiro.
1316 5194 1437 5248 Tertium
1456 5193 1589 5250 distichon
1609 5195 1645 5249 ibi
1665 5211 1718 5249 non
1736 5202 1829 5249 exstat.

695 5285 724 5346 3)
743 5281 831 5334 Locus
849 5279 981 5344 imaginis.

695 5369 725 5434 4)
745 5367 816 5431 Quas
839 5381 938 5419 causes
962 5366 1079 5419 muneris
1106 5363 1256 5431 deponendi
1282 5365 1342 5431 ipse
1367 5367 1501 5436 attulerit,
1538 5368 1565 5420 in
1591 5366 1720 5421 Striederi
1754 5367 1822 5421 libro
1848 5367 1961 5435 legimus
1989 5367 2037 5439 111,
2068 5384 2093 5436 p.
2121 5368 2171 5420 529
2195 5379 2248 5434 ιφ,
2286 5366 2331 5433 qui

598 5455 657 5521 ipso
677 5468 786 5507 auctore
805 5467 869 5504 usus
889 5460 938 5503 est.
