5534 6984
1034 1058 1300 1125 ‘Hermunnua
1327 1055 1502 1124 Wolilius

513 1195 694 1265 Domestica
715 1193 847 1261 Ioannis
867 1192 976 1261 lratris
998 1190 1139 1272 exemplo
1157 1190 1244 1256 velut
1266 1188 1439 1257 Milthiadis
1461 1188 1614 1274 trophaeo
1637 1190 1859 1257 Themistocles
1881 1190 2035 1259 excitatus
2058 1200 2158 1259 artem

416 1298 569 1365 medicam
586 1301 652 1361 tam
675 1311 856 1377 operosam,
877 1308 970 1373 quam
985 1288 1180 1355 fructuosam
1201 1290 1271 1355 aliis
1292 1307 1355 1355 non
1375 1290 1478 1355 minus
1496 1288 1641 1355 Basileae
1658 1296 1692 1355 et
1711 1294 1744 1355 in
1758 1290 1861 1373 Italia,
1884 1308 1977 1373 quam
1992 1290 2158 1375 Marpurgi

417 1398 451 1463 in
468 1396 573 1479 patria
586 1393 756 1461 Academia
772 1409 893 1459 summa
908 1389 1002 1454 animi
1019 1389 1219 1455 contentione
1240 1396 1449 1473 persequutus
1472 1394 1531 1471 est,
1554 1407 1651 1473 quum
1669 1407 1774 1455 omnes
1788 1390 1912 1457 labores
1927 1392 2158 1473 exundavisset,

417 1514 496 1579 quos
515 1492 617 1561 isthoc
636 1494 670 1559 in
692 1492 795 1558 stadio
826 1489 1027 1554 decurrentes
1053 1490 1207 1554 sustinere
1235 1508 1361 1555 necesse
1391 1494 1458 1573 est,
1502 1488 1552 1554 die
1573 1486 1620 1553 XI
1640 1486 1749 1555 Martii
1778 1506 1859 1555 anno
1879 1490 2057 1557 Muxxcv
2083 1492 2159 1557 Pro

417 1600 542 1661 motore
570 1590 765 1659 SchdnleldIo
794 1587 924 1655 honoris
953 1589 1091 1671 supremi
1123 1589 1208 1669 cepIt
1237 1588 1388 1669 insignia,
1426 1594 1458 1653 et
1496 1588 1529 1653 in
1570 1587 1686 1654 abditis
1720 1594 1814 1670 atque
1849 1590 2016 1657 reconditis
2053 1611 2159 1657 rerum

419 1692 611 1759 naturalium
633 1688 751 1755 caussis
773 1686 962 1771 explicandis
995 1686 1036 1753 ad
1066 1686 1098 1751 id
1125 1705 1240 1752 munus
1266 1686 1307 1751 ab
1329 1688 1499 1753 Academia
1527 1688 1645 1753 accitus
1677 1706 1803 1770 operam
1830 1688 1975 1771 deinceps
1996 1691 2101 1772 posuit
2127 1698 2159 1755 et

418 1792 555 1859 studium
575 1787 790 1868 solertissime,
816 1787 850 1851 id
872 1785 955 1868 quod
976 1785 1026 1851 vel
1046 1786 1188 1867 inprimis
1211 1804 1229 1851 e
1252 1786 1394 1853 Cornelii
1423 1788 1546 1853 Valerii
1565 1788 1705 1871 Physica
1727 1788 1969 1855 Gommcrtarir's
1990 1789 2030 1855 ab
2053 1790 2159 1857 eodem

418 1892 579 1959 illustrata
607 1887 785 1969 perspicere
816 1890 914 1968 est1).
965 1884 1170 1952 Postmodum
1206 1905 1304 1969 quum
1333 1886 1550 1952 Schonlcldius
1585 1888 1768 1953 excessisset
1804 1906 1820 1951 e
1856 1888 1952 1969 vivis,
1991 1889 2159 1972 discipulus

419 2009 502 2057 anno
524 1986 661 2055 MDXCI
680 1987 714 2051 in
736 1986 875 2051 statione
894 1984 1018 2050 Medica
1039 1986 1160 2067 excepit
1187 1991 1441 2068 praeceptorem,
1477 1986 1631 2068 almulque
1651 1986 1776 2052 biennio
1797 1993 1886 2069 post,
1913 2006 1995 2053 auno
2017 1989 2160 2055 videlicet

420 2090 524 2157 XCIII
544 2090 724 2169 susceptum
737 2086 927 2151 Rectoratus
947 2103 1062 2151 munus
1076 2085 1221 2167 explevit.
1263 2087 1307 2151 At
1328 2104 1401 2151 vem
1423 2105 1517 2167 quum
1537 2086 1633 2168 ipsius
1652 2103 1749 2168 opera
1766 2092 1898 2168 propter
1918 2088 1997 2153 artis
2016 2090 2160 2171 peritIam

420 2194 452 2255 et
471 2206 576 2253 rernm
597 2204 689 2253 naum
710 2186 817 2267 magni
842 2184 968 2251 omuino
995 2184 1098 2265 lieret,
1127 2203 1210 2250 anno
1229 2184 1360 2250 DIlCVI
1382 2184 1425 2251 ab
1452 2184 1613 2251 Illustriss.
1635 2185 1769 2251 Hassiae
1791 2186 1990 2268 landgravio
2012 2188 2160 2255 Mauritio

422 2287 577 2355 Cassellas
600 2288 634 2353 in
654 2285 758 2351 aulam
778 2290 930 2350 avocatus
953 2292 1020 2364 est,
1049 2288 1169 2349 utnon
1197 2284 1298 2349 solum
1319 2284 1508 2349 valetudinis
1532 2284 1682 2367 Principis
1693 2286 1723 2367 ²)
1757 2304 1863 2351 curam
1884 2294 2024 2369 gereret,
2053 2308 2159 2355 verum

421 2388 514 2453 etiam
537 2386 643 2468 operis
663 2383 922 2450 architectonica
944 2388 1125 2464 praeesset,
1156 2382 1240 2465 quod
1271 2390 1339 2448 arte
1372 2384 1474 2449 isthac
1500 2384 1656 2467 inprimis·
1670 2384 1822 2451 hominem
1850 2386 1996 2453 delectari
2019 2389 2160 2455 animad-

421 2488 569 2552 vertisset
597 2484 762 2565 Princeps,
798 2482 853 2548 ubi
882 2482 1008 2547 tandem
1033 2499 1129 2563 quum
1157 2488 1288 2546 mortem
1317 2482 1377 2548 sibi
1404 2488 1533 2565 propter
1559 2484 1642 2548 vitae
1672 2482 1877 2568 brevitatem,
1912 2504 1974 2569 qua
2002 2487 2159 2553 hominum

420 2586 652 2667 circumscripta
666 2594 715 2648 est
729 2588 828 2664 aetas,
849 2581 1007 2647 Imminere
1023 2585 1173 2665 cerneret,
1196 2586 1285 2647 satur
1306 2588 1376 2647 aevi
1397 2589 1429 2648 et
1449 2582 1568 2665 gloriae
1589 2601 1609 2647 a
1631 2602 1758 2666 corpore
1776 2586 1822 2651 ita
1843 2586 1994 2669 disjunxit
2015 2589 2160 2668 animum,

419 2689 456 2752 ut
475 2684 616 2767 quotidIe
636 2682 732 2749 emori
753 2682 901 2763 disceret,
923 2700 1055 2763 eumque
1076 2682 1110 2747 in
1131 2680 1254 2747 modum
1276 2701 1360 2748 anno
1381 2683 1531 2749 uncini
1554 2682 1671 2749 Christi
1692 2684 1816 2751 innixus
1838 2688 1958 2753 meritis
1980 2706 1997 2753 e
2016 2694 2160 2753 terrenae

419 2784 513 2869 hujus
541 2784 622 2849 vitae
648 2781 778 2848 vinariis
808 2782 973 2863 emigravit
997 2780 1215 2863 placidissime.
1267 2782 1344 2863 EJus
1371 2782 1506 2865 effigiem
1534 2782 1567 2848 in
1593 2786 1862 2865 tetragrammatis
1884 2787 2015 2859 saisita
2036 2788 2159 2853 amavit

469 2884 551 2949 linus

419 2884 468 2966 Eg
908 2978 1055 3049 Wolplrius
1073 2978 1251 3035 Hotomanus
1267 2979 1379 3034 Medica
1396 2980 1565 3035 caecemus
1583 2986 1642 3035 orte

939 3064 1072 3120 Moerite'i
1085 3066 1182 3135 suctum
1202 3066 1344 3137 Principia
1364 3067 1499 3122 Haemoei

905 3151 1034 3218 cesam,
1051 3158 1115 3205 onte
1132 3152 1240 3221 quidem
1259 3152 1396 3223 myaces
1414 3152 1591 3223 Mediumque
1607 3154 1752 3225 professor

941 3238 1107 3307 Murpurpi,
1123 3240 1176 3294 loc
1191 3238 1270 3293 cultu
1284 3238 1475 3308 suspicandus
1495 3246 1561 3293 erat.

424 3349 483 3415 Cui
503 3347 574 3412 dein
596 3344 635 3411 Il.
657 3342 833 3410 Fabronius
853 3341 914 3406 hoc
941 3341 1064 3408 addidit
1083 3360 1285 3426 anagramma
1295 3343 1340 3424 ¹):
1367 3344 1450 3409 USU
1474 3342 1604 3409 FIRMO
1628 3342 1836 3411 GALENUS:
1866 3366 1903 3411 cx
1925 3367 1987 3429 quo
2007 3350 2161 3432 colIIgitur

425 3446 686 3515 IIERMANNUS
708 3440 915 3511 GUOLFIUS

906 3540 981 3595 Nara
998 3546 1023 3595 te
1035 3540 1214 3611 perstantes,
1233 3540 1369 3610 Guolplri,
1388 3556 1486 3596 norm
1505 3540 1609 3594 Gelono

940 3624 1116 3696 Londpraoii
1132 3632 1160 3681 et
1177 3626 1272 3681 Cottae
1286 3626 1402 3696 pulpita
1417 3628 1495 3681 claro
1511 3626 1625 3681 scholae

913 3712 1024 3767 Vis-idua
1040 3713 1199 3779 herbarum
1216 3714 1293 3783 apes·
1308 3712 1484 3767 meum
1501 3714 1582 3780 sacci,

941 3800 1081 3869 Felics'que
1095 3800 1184 3869 sapas
1199 3798 1325 3855 morbido
1339 3798 1442 3855 mua
1458 3816 1550 3855 manu.

907 3886 982 3941 How
999 3902 1053 3941 usu
1067 3885 1152 3955 fimo
1166 3887 1263 3941 merito
1280 3886 1369 3941 ds'eere
1390 3886 1511 3941 Gonnus

940 3973 1030 4041 Atque
1047 3977 1124 4027 wora
1141 3978 1212 4027 recte
1228 3988 1324 4029 nomeu
1341 3971 1373 4027 s'd
1391 3988 1468 4027 omen
1484 3972 1571 4027 dubet.
1693 4023 1696 4033 ,

1128 4204 1302 4271 Nicolaua
1330 4204 1467 4271 Bruno.

526 4347 603 4413 Cum
624 4344 823 4410 Hermannus
843 4338 985 4409 Wolffius
1011 4340 1162 4422 Principis
1191 4339 1292 4406 accitu
1318 4340 1353 4404 in
1377 4338 1484 4406 aulam
1512 4338 1723 4409 Cassellanam
1746 4360 1780 4408 se
1801 4344 2004 4427 contulisset,
2031 4346 2160 4415 alterius

424 4462 549 4531 qnoque
570 4444 678 4511 fratris
700 4442 834 4510 loannis
854 4440 971 4509 Wolffii
991 4458 1089 4525 opera
1109 4442 1143 4506 in
1163 4440 1237 4505 aula
1257 4438 1476 4522 Marpurgensi
1496 4446 1663 4523 occupata,
1687 4460 1727 4507 ne
1748 4442 1853 4509 studia
1873 4444 1993 4512 medica
2014 4445 2159 4529 elangue

425 4546 539 4613 fierent
557 4560 705 4627 prorsus,
726 4542 778 4607 hic
797 4560 880 4610 anno
893 4540 1073 4607 mnxcvn
1092 4545 1130 4606 ut
1151 4539 1302 4605 medicem
1320 4544 1421 4605 artem
1444 4545 1532 4605 extra
1543 4542 1573 4623 ⁴)
1595 4540 1735 4607 ordInem
1756 4542 1897 4625 doceret,
1918 4544 2072 4628 Prinpris
2086 4564 2160 4612 cura

424 4652 458 4712 et
475 4646 568 4728 J‘usau
589 4642 794 4725 Marpurgum
821 4646 968 4707 evocatus
996 4645 1055 4707 est.
1104 4637 1166 4706 Sed
1191 4639 1389 4721 postmodum
1419 4639 1561 4707 defuncto
1589 4640 1755 4707 Muldnem
1783 4660 1866 4708 anno
1884 4642 2051 4710 MDIICIX
2078 4646 2160 4713 iuter

424 4744 615 4829 professores
641 4742 814 4809 ordinarios
842 4741 955 4809 dooere
978 4740 1086 4823 jussus
1113 4738 1294 4821 Physicam,
1324 4757 1404 4821 quae
1438 4740 1470 4805 in
1501 4744 1616 4805 natura
1643 4740 1847 4823 delitescunt,
1877 4761 1940 4809 non
1967 4744 2158 4825 quotidianis

424 4844 526 4912 selum
544 4839 871 4923 commentationibus,
892 4858 1000 4907 vemm
1019 4838 1115 4905 etiam
1135 4838 1399 4921 dIsputationibus
1420 4845 1567 4905 accurate
1589 4839 1773 4923 elaboratio,
1802 4842 1918 4909 evolvit
1937 4846 1970 4907 et
1992 4843 2159 4925 explicavit

424 4962 488 5011 non
506 4943 609 5010 miuus
628 4940 739 5008 sedulo
759 4958 855 5023 quam
873 4944 982 5021 acute,
1009 4938 1205 5021 triennioque
1231 4938 1327 5005 etiam
1347 4940 1472 5020 postia
1494 4938 1710 5023 Philosophma
1730 4941 1880 5009 facultate
1905 4941 2022 5009 Decani
2043 4960 2157 5009 munus

526 5200 555 5269 1)
572 5198 708 5268 Physicen
724 5197 865 5266 protessus
883 5202 943 5252 crat
960 5201 1105 5265 antequam
1121 5194 1157 5251 ad
1176 5194 1326 5253 medleinae
1343 5194 1500 5253 ammam
1516 5198 1634 5265 nansiit,
1654 5198 1770 5255 Pistorio
1787 5204 1900 5255 auotom
1914 5197 1979 5255 indo
1994 5214 2027 5257 ez
2045 5218 2069 5257 a.
2084 5206 2157 5257 1590.
2279 5258 2282 5265 ,

522 5288 555 5526 Ξ
571 5284 663 5511 ΙΑιῖικιιὰ.
672 5298 848 5513 Effingit
862 5368 1004 5427 Wolldurn
1021 5381 1194 5440 summm
1208 5384 1269 5427 oum
1287 5370 1482 5441 epigrammate
1499 5374 1589 5427 mut
1605 5369 1633 5425 in
1652 5370 1789 5429 volumine
1807 5372 1973 5431 Ouallanu

583 5472 661 5528 ωηο
753 5472 821 5513 oms.
