5534 6984
2152 865 2174 934 9

434 1061 509 1130 dre
534 1057 714 1141 Principum
742 1055 876 1124 Hassiae
912 1053 1003 1120 sedes
1032 1052 1211 1136 spectabilis
1243 1059 1276 1118 et
1306 1051 1437 1118 illustris
1472 1071 1541 1118 cum
1568 1053 1703 1136 Sacello,
1739 1053 1822 1138 quod
1850 1071 1928 1137 opus
1955 1059 2005 1119 est
2024 1051 2175 1119 Lndnmci

305 1149 308 1156 ’
434 1158 693 1226 Monasteriensis
707 1156 862 1239 Episcopi,
882 1154 1053 1220 Hessorum
1064 1151 1265 1235 Landgravii,
1286 1151 1414 1218 Henrici
1426 1152 1476 1218 III
1486 1152 1553 1234 lilii,
1567 1154 1759 1234 praecelsum
1772 1156 1889 1221 montis
1903 1157 2035 1236 occupat
2044 1153 2176 1232 culmen,

435 1265 562 1341 tresque
583 1275 677 1324 areas
696 1261 832 1322 castrum
852 1254 911 1318 boc
923 1253 1152 1334 Marpurgeose
1165 1271 1227 1319 non
1249 1255 1317 1318 sine
1331 1258 1425 1334 grata
1440 1254 1650 1335 spectantium
1662 1253 1825 1336 voluptate
1838 1259 1979 1320 ostentat
1990 1253 2177 1329 luculenter,

434 1375 568 1442 quarum
589 1357 689 1440 prhna
710 1353 775 1436 (ubi
795 1358 869 1418 sunt
889 1357 1001 1434 portae
1022 1351 1132 1434 binae,
1160 1369 1240 1434 una,
1270 1371 1334 1435 qua
1359 1371 1398 1418 ex
1419 1353 1499 1418 urbe
1518 1353 1717 1435 ascenditur,
1743 1353 1857 1436 altera,
1878 1372 1960 1435 quae
1976 1353 2177 1436 pomoerium,

435 1475 579 1540 campum
601 1453 750 1520 Martium
779 1459 811 1518 et
837 1457 973 1516 montem
1001 1451 1137 1534 spectat)
1165 1452 1355 1534 amplissima
1385 1457 1558 1534 astatque
1584 1453 1734 1520 aedificiis
1763 1454 1867 1519 cincta
1893 1453 2075 1534 magnificis.
2118 1452 2178 1518 ihc

434 1557 545 1640 Equile
567 1554 718 1636 Principis
740 1552 851 1618 visitur
874 1549 1053 1636 (illoriiclI)
1084 1557 1117 1617 et
1139 1553 1274 1618 cisterna
1302 1553 1418 1618 natalis
1438 1553 1510 1636 rupi
1536 1554 1644 1620 incisa.
1692 1552 1803 1619 Altera
1831 1554 1964 1619 editiore
1983 1553 2178 1635 aliquantum

436 1659 468 1723 in
489 1657 557 1722 locn
579 1654 667 1718 dreis
688 1669 764 1716 area
784 1657 854 1716 tota
876 1652 985 1716 urbem
1004 1657 1137 1734 spectat,
1158 1654 1190 1717 in
1211 1653 1298 1734 eujus
1313 1652 1417 1718 fronte
1430 1672 1547 1718 norum
1561 1654 1717 1720 Palatium
1731 1658 1821 1719 extat
1834 1671 1855 1718 a
1869 1653 2034 1718 Wilhelmo
2046 1653 2179 1718 tumore

436 1759 658 1822 constructum.
701 1751 787 1818 Haec
807 1751 847 1816 ob
866 1752 1038 1834 jucundam
1059 1752 1119 1818 loci
1139 1753 1363 1817 amoenitatem
1377 1757 1411 1817 et
1431 1753 1464 1817 in
1479 1754 1592 1818 urbem
1614 1752 1840 1835 planitiemque
1864 1757 1966 1817 totam
1981 1757 2179 1836 prospectum

436 1855 568 1922 caeteris
589 1857 740 1934 praestat.
783 1850 892 1917 Tertia
913 1851 1038 1918 demum
1059 1851 1252 1918 celeberrimi
1273 1854 1372 1917 castri
1392 1853 1482 1934 regio
1504 1854 1635 1918 caeteris
1654 1853 1781 1935 quidem
1794 1854 1970 1935 angustior,
1991 1858 2028 1917 nt
2044 1851 2178 1917 editiore

437 1957 469 2020 in
490 1971 566 2034 rupe
586 1952 657 2032 sita,
679 1952 725 2016 ite
745 1950 901 2032 elegantia
922 1957 955 2016 et
976 1953 1081 2018 nitore
1101 1953 1221 2034 priores
1243 1952 1336 2034 longe
1358 1958 1496 2034 superat,
1519 1958 1589 2018 tota
1607 1953 1885 2034 sumptuosissimis
1898 1951 2047 2018 aedificiis
2061 1950 2178 2016 clausa

438 2055 497 2122 Hic
517 2052 668 2132 Principis
690 2051 808 2116 Domus
828 2069 866 2117 ac
887 2051 1087 2134 Gynaeceum
1107 2051 1281 2132 magnificis
1303 2052 1491 2132 coenaculis,
1512 2052 1675 2133 tricliniis,
1694 2053 1791 2136 aulis,
1813 2053 2010 2134 hypocaustis
2033 2051 2180 2117 decenter

439 2159 581 2233 ornatur,
592 2152 777 2233 privatoque
793 2151 923 2218 bacello.
965 2151 1025 2217 llic
1035 2169 1156 2234 quoqne
1168 2151 1391 2233 amplissimum
1403 2151 1482 2216 illud
1496 2151 1705 2233 coenaculum,
1725 2153 1811 2234 quod
1825 2153 1907 2218 idem
1920 2153 2181 2218 Monnsterienais

437 2251 565 2318 Praesul
587 2269 625 2315 ex
645 2249 821 2316 Hessorum
841 2250 1036 2332 Principibus
1072 2250 1209 2316 condidit
1229 2249 1404 2332 magnifice,
1434 2253 1624 2332 conspicitur
1651 2258 1686 2317 et
1716 2259 1818 2317 totum
1846 2253 1959 2319 eximia
1979 2253 2179 2334 antiquitatis

436 2355 604 2418 venustate
627 2368 660 2414 se
681 2347 774 2414 offert
795 2348 946 2415 columnis
968 2350 1164 2415 structilibus
1186 2350 1460 2434 testudinibusque
1479 2351 1665 2416 absolutum.

560 2450 621 2516 Ubi
640 2468 714 2514 vero
736 2449 801 2514 Arx
823 2468 843 2514 a
870 2449 991 2532 reliquo
1012 2457 1117 2515 monte
1145 2449 1340 2516 abscinditur
1362 2456 1395 2515 et
1416 2451 1502 2516 fossa
1523 2458 1620 2533 atque
1638 2469 1742 2530 muro,
1767 2455 1805 2516 nt
1831 2454 1865 2514 et
1894 2450 2033 2515 turribus
2055 2454 2088 2515 et
2107 2468 2181 2532 pro·

437 2550 623 2634 pugnaculis
649 2567 711 2614 non
730 2550 776 2614 ita
796 2549 917 2632 pridem
937 2549 1071 2616 conditis
1093 2549 1250 2632 dividitur,
1271 2551 1405 2632 primunr
1427 2552 1562 2617 occurrit
1582 2551 1615 2616 in
1636 2551 1705 2634 ipso
1725 2551 1841 2615 montis
1861 2549 1954 2615 dorso
1966 2549 2181 2616 Gotodromus

439 2657 473 2716 et
499 2651 750 2740 hippodromus,
789 2649 884 2715 aedes
916 2647 1094 2732 spectandis
1115 2649 1270 2715 exercitiis
1293 2651 1492 2732 equestribus
1519 2651 1704 2732 destinatae,
1727 2657 1760 2716 et
1786 2650 1990 2715 Wridcriam
2015 2649 2182 2715 arboribus

439 2756 537 2832 atque
559 2749 715 2814 variarmn
736 2749 906 2816 herbarum
927 2751 1094 2832 generibus
1116 2750 1157 2814 ad
1172 2750 1365 2832 voluptatem
1380 2753 1663 2834 amoenitatemque
1683 2756 1717 2816 et
1731 2750 1901 2816 utilitatem
1915 2751 2081 2830 consitum,
2102 2765 2182 2831 quae

440 2849 545 2914 omnia
565 2867 671 2930 parem
691 2851 740 2914 sui
762 2839 1001 2914 admirationem
1021 2849 1201 2946 relinquunt
1222 2849 1431 2932 intuentibus,
1454 2857 1490 2916 ut
1511 2850 1635 2916 dubites
1656 2867 1696 2915 an
1716 2851 1817 2932 major
1834 2851 2000 2915 varietatis
2020 2850 2053 2914 in
2075 2849 2183 2915 distri·

440 2947 580 3026 butionc,
601 2965 640 3012 an
662 2965 736 3013 vcro
759 2950 865 3030 copiae
887 2949 919 3013 in
940 2949 1083 3030 raritate,
1104 2967 1145 3014 an
1167 2949 1343 3014 industriae
1365 2951 1399 3014 in
1420 2950 1507 3016 cultu
1531 2950 1601 3016 laus
1622 2969 1691 3016 csse
1713 2949 1851 3015 debeat?

563 3047 664 3112 Extra
684 3047 795 3112 Arcem
817 3047 993 3114 admontis
1014 3049 1097 3115 latus
1117 3049 1187 3115 urbi
1207 3051 1371 3132 contiguae
1397 3052 1491 3115 aedes
1513 3049 1751 3131 publicassent
1777 3049 2006 3134 βουλειηήριον
2026 3047 2119 3130 illud,
2150 3049 2185 3113 in
2246 3053 2252 3065 ‘

442 3165 503 3230 qno
525 3147 625 3228 primo
648 3165 809 3212 commune
836 3149 934 3212 totius
962 3149 1097 3216 Hassiae
1119 3149 1340 3216 Dicosterima
1366 3147 1440 3236 (bnt
1460 3147 1666 3235 batpalmis)
1696 3151 1750 3216 nbi
1779 3151 1847 3214 sine
1875 3149 2066 3216 diverticulis
2093 3167 2185 3214 suum

442 3247 552 3328 cuique
577 3247 629 3328 Jns
658 3265 777 3312 smnma
806 3265 874 3312 cum
901 3248 995 3313 laude
1023 3254 1055 3313 et
1085 3250 1244 3314 commode
1271 3251 1436 3316 universae
1471 3251 1587 3316 dicitur
1614 3251 1765 3315 Hassiae:
1802 3249 1960 3315 iudicium
1987 3249 2098 3314 deinde
2127 3267 2185 3313 seu

443 3345 652 3412 Dicasterium
666 3343 929 3428 Ecclesiasticum,
950 3349 1032 3430 qnod
1047 3347 1281 3416 Corcsistoriom
1293 3367 1448 3433 nocemus,
1470 3351 1521 3416 cai
1534 3350 1779 3416 matrimoniales
1790 3368 1931 3431 caussae,
1952 3349 2186 3414 controversiae

439 3443 689 3526 Ecclesiasticus,
707 3446 855 3529 judicium
878 3447 915 3512 de
938 3448 1096 3532 doctrina,
1119 3449 1256 3530 cognitio
1279 3449 1318 3514 de
1340 3449 1537 3531 haeresibus,
1559 3451 1747 3515 examinatio
1770 3449 1935 3514 Pastorum
1956 3448 2186 3530 eorundemque

443 3543 639 3611 confirmatio
658 3551 691 3612 et
708 3548 847 3630 rejectio,
868 3565 905 3613 ac
926 3549 965 3612 dc
987 3549 1113 3614 illorum
1134 3550 1199 3613 vita
1220 3565 1258 3614 ac
1272 3549 1412 3614 moribus
1428 3567 1569 3630 censura,
1590 3555 1665 3614 sunt
1683 3549 1865 3613 commissa:
1886 3549 1933 3612 hc
1954 3548 2049 3613 tertio
2064 3547 2186 3613 deinum

445 3645 655 3712 Dicasterium
676 3647 820 3712 Aulicum
843 3647 1095 3728 (Concellara'am
1117 3653 1229 3712 vocant
1251 3653 1428 3724 nostrates)
1456 3648 1508 3712 ubi
1530 3649 1617 3729 parti
1638 3653 1764 3712 tantum
1789 3647 1960 3729 superioris
1980 3647 2114 3712 Hassiae
2133 3648 2186 3728 jas

442 3743 566 3817 dicitnr,
586 3745 715 3828 eiusque
738 3745 925 3812 deciduntur·
946 3765 1083 3814 caussae.
1133 3749 1170 3812 In
1200 3747 1311 3812 eodem
1338 3745 1426 3812 urbis
1453 3751 1558 3812 tractu
1586 3745 1628 3810 ad
1654 3743 1800 3810 dammam
1825 3745 1987 3812 moenibus
2007 3747 2187 3827 contigurnn

441 3853 491 3910 est
505 3845 777 3928 Sphaeristcriom
798 3845 880 3928 pilae
903 3847 985 3913 lusui
1004 3848 1240 3930 praestitutum,
1262 3847 1304 3912 ad
1327 3847 1488 3913 sinistram
1504 3865 1579 3911 vero
1592 3847 1817 3928 Qrcoestorium
1837 3865 1907 3912 cum
1928 3846 1993 3911 suis
2013 3846 2133 3914 horreis
2154 3852 2188 3912 et

440 3946 607 4024 manans.

565 4047 696 4128 Torrque
713 4045 806 4129 hujus
828 4045 915 4111 urbis
937 4050 1010 4111 sunt
1031 4045 1093 4110 tria
1114 4046 1147 4110 in
1167 4045 1304 4128 collegiis
1324 4063 1361 4112 ac
1375 4044 1509 4110 totidem
1527 4044 1560 4109 in
1581 4045 1787 4125 coemeteriis,
1809 4046 2069 4125 enumerares,
2091 4065 2188 4112 unum

438 4147 628 4229 parochiale
650 4147 790 4230 inprimis
811 4144 1008 4228 magnificum
1031 4146 1120 4226 satis,
1142 4144 1175 4211 in
1195 4165 1256 4228 quo
1271 4145 1447 4212 Ludovicus
1464 4143 1508 4209 IV
1529 4145 1638 4209 sibiet
1661 4145 1751 4209 uxori
1766 4144 1907 4224 lledwigi
1922 4145 2187 4226 Wirtenbergicae

444 4245 538 4328 eleg't
561 4245 815 4327 praestnmitquc
835 4245 1031 4328 splendidum
1047 4245 1206 4326 sepulchri
1228 4251 1471 4325 monumentum,
1491 4244 1524 4308 in
1544 4244 1629 4325 quod
1648 4243 1755 4310 illatus
1775 4245 1871 4308 etiam
1888 4243 1995 4325 ottho,
2015 4246 2069 4325 qni
2089 4245 2187 4312 Hers-

444 4343 558 4411 ieldiae
580 4346 721 4428 perierat
742 4345 885 4410 omnibns
915 4345 1125 4410 desideratus:
1158 4351 1190 4411 et
1219 4364 1294 4428 prae
1323 4345 1458 4410 caeteris
1485 4343 1587 4408 nobile
1616 4343 1693 4409 illud
1720 4343 1763 4408 B.
1782 4344 1992 4410 Elicohctlacc
2006 4346 2128 4428 senona
2148 4364 2188 4410 ex

446 4445 601 4526 quadrato
623 4445 728 4527 lapide
755 4451 934 4510 structurae
955 4443 1185 4526 magnificentia
1215 4445 1413 4526 conspicuum
1434 4442 1568 4508 Conradi
1589 4441 1821 4526 Tlruringorum
1851 4449 1885 4509 et
1905 4444 2076 4509 Hessorum
2097 4445 2188 4509 Prin·

444 4544 532 4624 ciple,
553 4545 680 4610 Ordinis
703 4544 866 4610 Teutonici
877 4543 907 4628 *)
927 4543 1094 4626 Magistri,
1126 4561 1203 4626 opus
1226 4545 1361 4626 insigne,
1393 4545 1480 4626 quus
1501 4543 1593 4608 hinne
1616 4549 1719 4609 turres
1740 4546 2030 4627 sumptuosissimae
2051 4545 2092 4609 ab
2111 4545 2188 4627 ipsis

444 4641 655 4710 fundamentis
678 4663 775 4726 usque
805 4643 845 4708 ad
874 4662 1020 4727 suprema
1049 4643 1183 4708 culmina
1212 4644 1377 4725 quadratis
1408 4649 1440 4708 ct
1461 4643 1588 4726 pulchre
1614 4645 1757 4709 lormatis
1785 4651 1909 4710 erectae
1927 4648 2000 4709 sunt
2021 4643 2187 4725 lapidibus

445 4743 483 4808 In
504 4741 564 4806 hoc
582 4743 697 4824 templo
723 4749 850 4825 praeter
868 4745 904 4810 B.
926 4743 1127 4810 Elizabethee
1159 4743 1356 4826 sepulchrum
1383 4745 1478 4808 etidm
1505 4744 1683 4826 Principum
1708 4743 1843 4810 Hassiae
1872 4763 1892 4809 a
1922 4741 2116 4808 Brabantino
2145 4743 2188 4808 ad

446 4841 622 4923 Philippum
649 4863 747 4926 usquc
777 4849 974 4926 sumptuosae
1008 4844 1154 4909 visuntur
1184 4843 1317 4909 mmbae
1372 4843 1452 4910 Huic
1486 4847 1629 4908 astructa
1667 4862 1789 4926 quoque
1823 4849 1900 4908 sunt
1919 4843 2128 4910 Xeracdochio
2156 4849 2190 4908 et

447 4941 639 5024 leprosorum
660 4941 778 5026 domus,
800 4945 868 5010 loca
889 4945 1003 5026 pietati
1025 4948 1058 5009 et
1076 4942 1308 5009 misericordiae
1328 4948 1522 5026 consecrata,
1540 4944 1572 5008 in
1595 4943 1707 5024 quibus
1730 4949 1779 5009 sat
1798 4944 1923 5024 copiose
1941 4942 2070 5008 aluntur
2088 4943 2187 5024 egem.

572 5041 692 5106 Forum
717 5043 818 5108 Carrio
847 5048 978 5110 exornat
1004 5043 1144 5124 speciosa
1172 5049 1204 5107 et
1231 5057 1312 5123 aqna
1340 5041 1472 5108 fontana
1500 5042 1710 5126 compluribus
1738 5043 1852 5108 fistulis
1872 5061 1910 5108 ac
1929 5041 2130 5124 syphnncnlis
2141 5043 2188 5124 ”l

448 5141 571 5208 emissa.
613 5141 717 5222 Atque
737 5143 860 5224 publica
882 5145 927 5208 ita
948 5144 981 5208 in
1001 5143 1082 5210 bunc
1101 5141 1198 5208 icrme
1219 5141 1345 5226 modum
1365 5141 1529 5209 habuimus
1552 5141 1706 5209 aedificia:
1736 5143 1775 5208 de
1794 5141 1927 5224 privatis
1949 5147 2056 5207 autem
2077 5159 2188 5224 pauca.

572 5241 658 5319 Quae
679 5239 729 5306 hic
750 5237 808 5306 loci
829 5262 889 5308 non
910 5243 1053 5326 lapidea,
1084 5243 1139 5309 sed
1159 5241 1380 5326 utplurimum
1401 5243 1503 5325 lignea
1533 5243 1565 5308 in
1586 5243 1800 5309 studiosorum
1827 5247 1934 5309 tanam
1959 5259 2051 5310 usum
2071 5240 2189 5308 affabre

553 5549 581 5616 *J
601 5547 632 5602 In
650 5547 708 5602 ced.
728 5551 771 5601 est
791 5547 930 5602 Teutinrcr'.

538 5633 582 5702 **)
600 5631 645 5689 Sic
660 5648 711 5702 pro
728 5632 906 5704 siphaaculis.
