5534 6984
594 840 640 909 dd

594 1065 655 1111 non
675 1046 708 1111 in
729 1040 956 1127 philosophiae,
990 1056 1085 1121 quam
1112 1019 1172 1103 bac
1198 1038 1230 1104 in
1258 1036 1428 1108 Academia
1456 1054 1474 1102 e
1502 1035 1642 1103 tenebris
1670 1035 1768 1103 ueluti
1795 1033 1980 1117 productam
2012 1038 2107 1116 atque
2136 1035 2267 1117 caligine
2293 1036 2325 1103 in

593 1147 661 1212 lucc
675 1147 701 1227 ¹)
729 1142 843 1209 statuit
864 1144 960 1221 atque
982 1138 1080 1205 oculis
1104 1138 1257 1217 omnium,
1284 1135 1375 1203 modo
1395 1134 1523 1217 studiis,
1554 1154 1661 1201 verum
1688 1135 1783 1202 etiarn
1804 1134 1886 1216 Juris
1906 1133 2003 1201 civilis
2023 1133 2203 1217 disciplina,
2231 1152 2326 1218 quam

594 1264 633 1311 uc
653 1245 811 1324 incompta
830 1257 959 1323 prorsus
978 1238 1153 1319 videretur,
1173 1235 1365 1318 eloquentiae
1387 1237 1461 1302 dote
1480 1234 1683 1319 locupletavit
1703 1241 1736 1301 ct
1751 1234 1892 1317 arnadi,
1915 1234 2159 1301 consumendum
2173 1235 2326 1318 jndicavit

593 1343 660 1409 sibi.
701 1343 839 1423 Ideoque
858 1338 943 1406 bisce
961 1336 1137 1405 belusimis
1165 1336 1262 1402 veluti
1287 1334 1435 1401 subsidiis
1456 1335 1731 1415 instructissimus,
1763 1350 1859 1415 quum
1883 1334 1924 1401 ad
1945 1352 2031 1415 cam,
2061 1353 2141 1418 quae
2161 1334 2327 1401 literarum

593 1442 706 1510 studiis
735 1457 895 1523 emergere
918 1442 1026 1522 potest
1050 1436 1223 1517 uberrima,
1253 1434 1376 1501 laudem
1403 1435 1555 1517 spiraret,
1582 1434 1657 1500 XVI
1676 1432 1786 1501 Octob.
1808 1450 1890 1501 auno
1910 1430 2091 1501 MDLXVII
2118 1453 2272 1503 summum
2294 1435 2327 1501 in

592 1548 727 1625 unoque
742 1540 815 1623 jure
836 1538 999 1620 dignitatis
1019 1536 1152 1619 gradum
1172 1539 1362 1617 assequutus
1382 1534 1484 1601 locum
1503 1534 1587 1599 inter
1606 1534 1718 1600 summi
1739 1533 1904 1600 tribunalis
1925 1533 2067 1601 Hassiaci
2084 1534 2205 1618 judices
2227 1536 2328 1601 tenuit

592 1647 626 1709 et
646 1660 753 1708 mense
769 1658 862 1721 porro
881 1637 989 1703 Vllbri
1008 1636 1148 1719 proxime
1169 1634 1330 1716 sequentis
1343 1633 1418 1700 anni
1437 1638 1526 1699 extra
1541 1632 1683 1699 ordinem
1699 1620 1822 1699 desidi
1833 1634 1863 1716 ²)
1882 1652 2011 1716 munus,
2031 1635 2113 1717 quod
2132 1636 2160 1701 ei
2179 1635 2238 1701 hac
2257 1635 2327 1717 lege

593 1742 811 1820 deferebatur,
832 1756 872 1805 ne
893 1738 1059 1817 lectiones,
1078 1752 1161 1817 quae
1182 1734 1291 1801 ordine
1311 1733 1501 1801 constitutae
1521 1738 1644 1816 essent,
1674 1732 1852 1799 ullomodo
1873 1733 2102 1818 interpellaret,
2132 1736 2221 1802 adiit.
2264 1735 2326 1801 Sed

593 1842 688 1925 paulo
709 1844 783 1922 post
803 1856 884 1906 anuo
905 1836 1049 1904 videlicet
1067 1834 1202 1900 DLXIX
1221 1834 1359 1900 Graecas
1380 1832 1492 1899 literas
1513 1832 1546 1899 in
1565 1831 1819 1915 philosophorum
1841 1852 2001 1901 numerum
2023 1835 2193 1917 asscriptus
2215 1834 2328 1902 decue

593 1941 710 2023 coepit,
739 1939 896 2020 tertiaque
917 1936 996 2001 adeo
1027 1935 1094 2002 vice
1115 1934 1196 2000 illius
1215 1932 1392 1999 Facultatis
1421 1932 1488 2014 egit
1515 1932 1718 1999 decurionem.
1769 1932 1909 1999 Tandem
1937 1952 2006 1999 cum
2033 1953 2115 1999 anno
2136 1934 2328 2013 Mnxxcu

593 2040 759 2105 Forsterus
781 2035 1023 2117 Heidelbergam
1050 2034 1194 2113 abiisset,
1227 2033 1268 2099 ad
1292 2031 1584 2099 Jureconsultonrm
1612 2050 1718 2099 mense
1745 2033 1887 2114 Augusto
1924 2034 2090 2101 traductus
2118 2034 2267 2101 subsellia
2295 2036 2327 2101 in

594 2138 849 2206 institutionibus
867 2135 1071 2203 lastinianeis
1092 2132 1284 2215 explicandis
1305 2150 1432 2213 operam
1454 2132 1570 2215 posuit.
1617 2132 1733 2199 Verum
1756 2151 1837 2200 anno
1861 2134 1999 2215 proxime
2019 2135 2194 2217 insequenti
2213 2136 2328 2199 mensis

594 2239 705 2305 IXbris
726 2238 778 2304 die
798 2237 896 2318 xll‘)
926 2235 1059 2301 literarii
1085 2234 1134 2298 sui
1158 2233 1217 2299 ocii
1244 2231 1391 2313 symbolis
1418 2230 1500 2299 Idea
1520 2232 1747 2313 Philosophiae
1771 2232 1913 2299 Platonis
1945 2233 2077 2301 docendi
2106 2233 2287 2301 methodum
2297 2236 2328 2315 δ)

594 2339 770 2421 conscripta
789 2342 825 2403 et
845 2335 1044 2403 madoasbas
1064 2333 1185 2415 aliquot
1203 2331 1321 2397 relictis
1341 2330 1547 2415 doctissimis,
1568 2336 1657 2413 peste
1679 2350 1750 2399 cum
1770 2332 1911 2399 omnibus
1932 2334 2013 2415 suis,
2031 2352 2095 2400 una
2116 2340 2241 2401 mutum
2261 2333 2326 2400 filia

593 2440 762 2521 superstite
790 2438 946 2504 extinctus
975 2438 1009 2499 et
1040 2431 1242 2500 authoritatis
1275 2436 1308 2497 et
1337 2429 1524 2513 prudentiae
1559 2448 1634 2497 suae
1672 2432 1763 2499 triste
1795 2432 1936 2498 omuibus
1973 2432 2161 2500 desiderium
2190 2433 2324 2516 reliquit.

594 2538 751 2620 Corporis,
771 2554 850 2620 quas
869 2535 985 2617 posuit,
1006 2531 1134 2600 exuviae
1153 2530 1330 2597 coemiterio
1352 2534 1428 2595 ante
1445 2529 1686 2597 Franciscanam
1707 2536 1831 2612 portam
1853 2531 1996 2598 conditae
2019 2534 2194 2615 quiescunt.
2229 2532 2326 2614 Copia

592 2638 752 2705 luculenta
772 2637 913 2702 oratione
932 2633 1112 2718 parentarit
1131 2631 1330 2697 Henuannus
1348 2628 1491 2711 Vultejus
1512 2629 1572 2696 sub
1593 2629 1686 2696 tinem
1707 2629 1847 2712 ejusdem
1866 2632 1989 2698 mensis.
2037 2633 2085 2697 De
2113 2634 2229 2714 peritia
2251 2650 2324 2697 vero

594 2740 661 2822 ejus
680 2738 851 2805 Hermann.
874 2733 1048 2799 Fabronius

1077 2830 1250 2896 Teutonicae,
1269 2828 1382 2892 Latiae,
1402 2826 1575 2895 urumque
1589 2827 1695 2896 peritia
1710 2826 1827 2897 liupana,

1112 2916 1250 2985 (lacumque
1265 2914 1352 2983 refert
1362 2912 1433 2981 fidei
1451 2912 1621 2967 candidioris
1639 2912 1745 2966 chcr:

1034 3072 1038 3079 ,
1074 3004 1110 3057 In
1130 3000 1211 3071 Oopii
1226 3002 1307 3070 penio
1326 3001 1407 3054 maai
1424 2999 1564 3053 mmuloto
1582 2997 1719 3067 residit·),

1108 3088 1241 3157 Junpitur
1257 3088 1365 3156 intcpro
1381 3101 1442 3139 arm
1457 3086 1560 3154 pietate
1571 3084 1683 3153 fidem).

1074 3175 1171 3243 Dipno
1187 3173 1241 3227 uiri
1253 3172 1345 3241 factm
1364 3172 1450 3227 tontis
1468 3176 1494 3225 et
1510 3171 1659 3225 botontum
1675 3176 1758 3225 aucta

1110 3260 1190 3314 Mass
1203 3260 1275 3313 bono
1287 3263 1363 3313 stant
1372 3256 1468 3312 Cattae
1480 3256 1588 3324 junctio
1600 3258 1719 3325 palatro
1730 3255 1844 3311 scholae.

1218 3524 1453 3591 Hermauuus
1479 3522 1704 3605 VulteJus⁸).

693 3662 748 3727 Vir
775 3661 857 3725 iuter
881 3658 1096 3748 celeberrimos
1125 3659 1173 3724 sui
1199 3658 1347 3741 temporis
1376 3656 1628 3738 iureconsultus,
1653 3660 1750 3721 natus
1779 3661 1828 3721 est
1848 3652 1996 3719 Walteris
2018 3652 2181 3718 Cattorum
2211 3654 2325 3735 oppido

594 3780 676 3828 anno
699 3761 755 3827 Ch.
779 3758 898 3823 MDLV
925 3759 1104 3824 Decembris
1124 3759 1199 3823 XVI
1225 3758 1275 3821 die
1296 3757 1390 3837 paulo
1418 3761 1492 3821 ante
1520 3757 1627 3822 horam
1654 3755 1858 3834 matutinam,
1886 3758 1976 3835 patre
1998 3752 2091 3817 Justo
2114 3752 2236 3835 Vultejo
2258 3758 2326 3818 tum

595 3861 722 3945 quidem
748 3858 872 3925 scholae
898 3858 1020 3939 patriae
1051 3859 1199 3938 Rectore,
1231 3861 1342 3939 postea
1373 3874 1447 3921 vero
1482 3855 1665 3921 Academiae
1678 3854 1708 3937 ⁹)
1738 3853 1975 3935 Marpurgeusis
2002 3852 2175 3933 proiossorc
2201 3851 2327 3933 linguae

596 3961 760 4029 Hebraeae
787 3963 821 4024 et
847 3956 1139 4039 Paedagogiarcha,
1176 3956 1301 4037 ingenio
1330 3955 1372 4020 ad
1405 3972 1511 4021 omnes
1537 3953 1714 4036 disciplinas
1746 3953 1912 4034 capiendas
1940 3951 2090 4018 facilitate
2118 3956 2150 4017 et
2178 3949 2327 4016 felicitate

596 4060 744 4142 insignis,
767 4057 871 4139 utqui
893 4075 974 4122 anno
997 4057 1111 4122 aetatis
1134 4056 1314 4122 duodecimo
1330 4055 1450 4122 Graece
1469 4059 1503 4120 et
1517 4054 1629 4119 Latine
1648 4054 1717 4136 pari
1735 4052 1892 4118 industria
1913 4052 2061 4117 scriberet
2081 4056 2113 4117 et
2134 4050 2326 4132 loqueretur,
2422 4100 2426 4117 .

596 4162 658 4227 imo
681 4160 747 4242 qui,
770 4177 864 4241 quum
883 4157 1061 4239 linguarum
1079 4159 1113 4221 et
1133 4156 1352 4221 humaniorum
1374 4153 1490 4219 artium
1511 4154 1685 4235 cognitione
1705 4152 1872 4218 excelleret
1895 4152 2079 4234 praecipue,
2105 4151 2235 4217 eandem
2256 4170 2326 4217 cum

597 4261 696 4325 literis
718 4274 839 4340 quoque
859 4256 986 4337 diuma,
1009 4256 1152 4336 civilique
1167 4256 1307 4337 inprimis
1329 4254 1485 4336 sapientia
1499 4252 1744 4336 conjungendam
1758 4252 1898 4334 putavit,
1918 4269 2017 4331 eoque
2033 4250 2186 4317 indefesso
2200 4268 2327 4332 prorsus

597 4358 705 4425 labore
736 4373 922 4439 progressus
958 4360 1021 4437 cst,
1048 4361 1097 4459 ’ut
1133 4354 1246 4420 tamam
1279 4354 1394 4436 ingenii
1428 4352 1619 4435 exspectatio
1654 4352 1827 4432 boninum,
1866 4350 2128 4432 exspectationem
2161 4349 2326 4414 admiratio

698 4598 726 4663 1)
746 4594 837 4662 Imago
857 4591 945 4660 Copii.

698 4682 727 4750 2)
743 4680 789 4735 Sic
809 4678 919 4748 scripsit
935 4677 1004 4747 Dil,
1024 4692 1185 4749 quamquam
1205 4676 1322 4732 uoluisse
1339 4676 1445 4733 videtur
1462 4673 1583 4732 docendi.

698 4768 728 4837 3)
746 4765 800 4820 Dil.
818 4778 869 4835 pcr
885 4778 1002 4820 amorem
1020 4765 1130 4835 scripsit
1149 4763 1333 4821 MDLXXC.

695 4855 726 4924 4)
744 4852 868 4909 Eundem
891 4850 963 4907 diem
984 4850 1087 4907 indicat
1105 4850 1237 4920 Nigidius
1276 4852 1386 4907 Erravit
1408 4851 1543 4907 melana
1567 4866 1600 4905 m.
1624 4848 1773 4904 Decembre
1798 4848 1901 4916 posito,
1929 4848 1974 4916 qui
2003 4852 2120 4901 cetemm
2146 4862 2196 4903 soa
2221 4862 2253 4902 ex
2278 4850 2327 4903 hoc

599 4942 709 4999 Dilicbii
728 4940 798 4996 libro
817 4938 980 5007 depromere
999 4938 1076 4993 uolet

695 5028 725 5097 b)
743 5025 879 5081 Omissum
897 5023 1002 5080 videtur
1019 5024 1065 5081 od.

697 5112 726 5180 6)
745 5112 790 5166 Sic
809 5111 975 5180 scripserunt
991 5110 1141 5167 Fabronius
1161 5118 1190 5167 et
1205 5110 1345 5167 Diliclrius.

697 5200 726 5265 7)
743 5196 824 5266 Apud
842 5197 1007 5252 Fabronium
1025 5202 1113 5253 exstat
1134 5198 1250 5252 iberus
1374 5226 1377 5232 ·

696 5285 726 5349 8)
745 5283 891 5338 Hermanni
909 5283 1011 5354 Vulteji
1028 5282 1109 5338 vitam
1124 5283 1234 5352 scripsit
1250 5282 1294 5339 Jo.
1313 5283 1382 5339 Phil.
1401 5282 1613 5339 Kuchenbccker
1635 5280 1765 5351 peculiari
1790 5280 1874 5339 libro,
1897 5294 1975 5345 quem
1994 5279 2089 5333 Gissae
2106 5278 2190 5333 edidit
2206 5295 2228 5333 a.
2252 5281 2326 5345 1731,

599 5380 708 5443 praeter
724 5370 795 5426 alios
812 5369 900 5424 fontes
918 5370 978 5438 ipso
997 5369 1107 5425 Dilichii
1125 5370 1194 5425 libro
1213 5386 1285 5426 usus.

696 5458 727 5524 s)
745 5456 837 5523 Imago
854 5455 966 5524 Vulteji.
