5534 6984
613 780 661 849 82

611 986 864 1069 praecipuorum
896 979 1050 1046 volumine
1084 985 1179 1061 atque
1215 978 1348 1045 aliorum
1385 984 1554 1060 praeterea
1589 977 1746 1045 clarorum
1777 975 1971 1042 Medicorum
1998 975 2152 1054 Omreiliie
2179 975 2354 1059 publicatis,

617 1082 763 1152 omnihus
781 1086 816 1148 et
836 1079 967 1162 singulis
987 1079 1049 1146 toti
1069 1082 1227 1145 terrm
1249 1078 1319 1144 orbi
1340 1078 1483 1160 cognitis.
1525 1077 1655 1145 Memini
1674 1077 1712 1143 de
1734 1078 1803 1159 ipso
1825 1076 1943 1159 legisse
1962 1075 2021 1142 hoc
2042 1075 2196 1143 distichon

1096 1178 1155 1235 Per
1171 1183 1197 1234 te
1213 1192 1285 1233 mae
1302 1177 1419 1234 meum
1438 1176 1509 1235 Goca
1527 1178 1657 1235 immovit
1671 1176 1775 1249 Apollo

1135 1265 1223 1335 Teque
1241 1263 1308 1320 coiit
1327 1263 1412 1321 Coum
1432 1266 1561 1321 Teutonis
1578 1280 1630 1321 ore
1646 1280 1732 1320 saum

615 1360 650 1423 et
670 1355 728 1423 hoc
747 1352 871 1423 Meclai
890 1350 1042 1421 &teneri

1100 1446 1174 1506 Ocra
1191 1447 1320 1505 oetaeo
1338 1446 1450 1505 Medico
1469 1464 1535 1515 aaa,
1558 1464 1627 1505 cere
1644 1463 1771 1504 comm:

1139 1535 1176 1591 Ut
1191 1542 1262 1591 recte
1278 1535 1386 1602 eahae,
1403 1540 1430 1592 te
1446 1550 1507 1592 eree
1523 1535 1630 1607 scripte
1645 1533 1756 1591 doceat«-

615 1628 665 1695 De
684 1628 794 1696 eodem
815 1633 849 1693 et
871 1625 929 1691 hos
950 1622 1067 1707 Nigidii
1087 1604 1196 1691 versis
1217 1620 1332 1687 habeto

1096 1722 1261 1778 Doctrinae»
1278 1720 1378 1791 Papae
1396 1717 1564 1777 &ammae
1578 1718 1660 1777 eorde
1673 1734 1791 1791 percara

1133 1809 1284 1864 cenaeos
1300 1806 1402 1877 capide
1417 1808 1503 1863 eom
1520 1809 1610 1877 coepit
1627 1822 1717 1878 wroa

1096 1893 1208 1950 Nabalia
1224 1894 1295 1949 hreno
1312 1895 1389 1949 misit
1407 1893 1495 1949 Cottia
1506 1896 1530 1960 ¹)
1546 1894 1693 1960 Basileon,
1711 1894 1759 1948 aad
1775 1910 1847 1949 anno

1136 1980 1191 2035 Via
1206 1980 1288 2035 mmet
1302 1987 1400 2036 aucto
1418 1996 1516 2036 mater
1532 1995 1564 2035 co
1580 1980 1679 2035 rediit:

1094 2065 1157 2122 Sive
1176 2066 1250 2135 qaod
1268 2066 1409 2122 Hoeeioco
1426 2082 1483 2121 noe
1502 2072 1598 2137 poscet
1614 2068 1704 2121 einen
1720 2066 1804 2131 coelo,

1127 2151 1191 2207 Siue
1209 2151 1283 2221 quod
1300 2153 1330 2206 in
1347 2153 1421 2207 cotie
1438 2152 1504 2207 mbo
1522 2152 1638 2207 Baetice
1651 2153 1736 2221 foret.

1099 2238 1178 2294 Haec
1194 2239 1255 2292 otta
1267 2238 1363 2306 functi
1377 2236 1469 2308 gelido
1486 2254 1558 2293 nunc
1574 2238 1653 2293 clara
1670 2240 1813 2309 sepulchro

1133 2326 1256 2394 Incipere
1272 2323 1380 2381 abrodit
1395 2338 1497 2393 corpas
1515 2330 1541 2379 et
1557 2339 1621 2381 osca
1638 2326 1700 2380 oiri.

1240 2492 1480 2560 Burchardus
1507 2492 1727 2561 Mithohius.

713 2616 971 2699 flamhurgum2)
997 2612 1158 2681 Inferioris
1182 2610 1338 2679 saxoniae
1365 2609 1407 2676 ad
1434 2608 1538 2676 Albim
1565 2610 1675 2677 urbem
1704 2610 1856 2693 insignem
1886 2615 2020 2695 patriam
2048 2615 2174 2697 hahuit,
2204 2621 2257 2700 qui
2282 2637 2351 2685 cum

615 2737 735 2787 morum
751 2717 923 2797 acenteta,
944 2713 1131 2781 affabilitate
1146 2716 1180 2779 et
1197 2712 1359 2777 literarum
1373 2709 1548 2777 eruditione
1559 2711 1720 2793 praeditus
1734 2718 1818 2779 esset
1832 2715 1951 2797 eximia,
1971 2714 2200 2782 Mathematum
2212 2719 2351 2801 inprimis

618 2825 652 2887 et
671 2818 847 2885 Medicinae
874 2814 1122 2882 studiosissimus
1148 2829 1186 2878 ac
1211 2811 1374 2878 Noutzeno
1402 2810 1691 2895 conjunctissimus,
1726 2831 1794 2878 cum
1822 2831 1883 2895 quo
1916 2820 1949 2879 et
1976 2832 2126 2881 summum
2158 2818 2191 2882 in
2217 2836 2255 2884 ea
2281 2837 2351 2883 con-

617 2923 768 3000 sequutus
794 2917 942 2997 ᾰξίωμα,
980 2913 1038 2979 suh
1076 2913 1145 2995 ipsa
1175 2909 1364 2976 Academiae
1400 2910 1570 2992 primordia
1605 2911 1686 2976 inter
1721 2906 1858 2993 reliquos
1898 2914 2037 2995 cJusdem
2066 2916 2215 2982 Proceres
2252 2912 2351 2997 usum

616 3020 796 3096 scientiam,
818 3014 957 3080 studium
978 3013 1021 3078 ad
1041 3012 1284 3077 Mathematicus
1303 3010 1480 3091 disciplinas
1502 3010 1702 3092 explicandas
1723 3012 1864 3092 contulit,
1883 3014 2062 3097 Decanique
2081 3017 2222 3097 inprimis
2240 3037 2351 3085 munus

617 3135 701 3183 anno
722 3114 923 3181 MDXXXIII
943 3112 1103 3178 sustintuit.
1144 3110 1259 3175 Postea
1279 3110 1320 3174 ah
1340 3109 1390 3173 his
1412 3109 1537 3189 qudem
1557 3109 1670 3175 studiis
1697 3111 1740 3175 ad
1761 3110 1913 3179 Medicam
1941 3118 2042 3180 artem
2068 3114 2198 3181 defluxit
2219 3136 2255 3181 eo
2277 3136 2352 3183 sane

618 3233 802 3300 progressu,
832 3221 868 3281 ut
891 3231 974 3278 anno
996 3211 1145 3277 DXXXV
1165 3210 1296 3276 hominis
1317 3225 1425 3291 verus,
1452 3209 1559 3291 justus
1583 3213 1680 3290 atque
1700 3209 1850 3277 honestus
1875 3211 1979 3294 labor,
2010 3231 2101 3294 quem
2128 3216 2229 3281 isthac
2255 3218 2288 3281 in
2315 3236 2350 3282 re

618 3321 782 3399 posuerat,
809 3313 910 3386 solitis
930 3311 1115 3391 hononbus,
1143 3309 1290 3391 praemiis
1309 3312 1404 3390 atque
1427 3308 1593 3388 splendore
1616 3309 1825 3375 decoraretur.
1868 3311 1916 3376 De
1938 3318 2060 3379 caetero
2081 3315 2237 3396 specimen
2257 3316 2353 3381 etiam

535 3465 542 3477 .
619 3416 792 3481 industriae
812 3414 847 3479 in
867 3412 1003 3480 sectione
1022 3409 1161 3493 publica,
1190 3425 1286 3491 quam
1305 3425 1390 3473 anno
1410 3408 1646 3493 MDXXXVP)
1666 3410 1780 3493 obivit,
1801 3412 1894 3476 isthic
1916 3414 2035 3494 primns
2056 3414 2157 3480 edidit
2177 3414 2354 3480 luculentis-

619 3517 739 3581 simum.
781 3513 895 3579 Postea
914 3512 1071 3578 archiater
1092 3507 1285 3591 landgravii
1306 3508 1408 3573 factus
1429 3506 1576 3574 (lessellis
1596 3510 1784 3576 medicinam
1809 3529 1880 3576 cum
1907 3512 1998 3580 laude
2019 3511 2092 3579 fecit
2112 3514 2231 3596 aliquot
2251 3516 2351 3579 annis.

618 3614 770 3683 Mundam
797 3612 871 3679 inde
900 3611 985 3695 qnod
1016 3609 1166 3694 oppidum
1198 3613 1248 3674 est
1279 3607 1461 3674 Brunoniec
1490 3608 1531 3673 ad
1564 3607 1756 3676 confluentes
1784 3610 1904 3677 Nuldae
1925 3630 1962 3677 ac
1984 3613 2152 3695 Werrhae‚
2184 3614 2216 3678 in
2248 3614 2352 3681 aulam

619 3721 750 3782 vocatus
769 3712 845 3779 inihi
866 3712 963 3777 vitam
984 3727 1055 3777 cum
1068 3714 1168 3774 morte
1181 3706 1381 3773 commutavit
1395 3707 1530 3789 Augusti
1545 3708 1619 3775 XVI
1639 3708 1689 3775 die
1708 3728 1790 3775 anno
1804 3710 1952 3776 MDLXV
1974 3712 2082 3778 relicto
2093 3715 2123 3796 ⁴)
2142 3712 2205 3779 filio
2218 3713 2354 3779 Hectore

619 3814 797 3880 studiorum
816 3817 1019 3894 paternorum
1040 3808 1161 3874 aamqu
1186 3812 1219 3872 ct
1243 3806 1328 3890 apud
1347 3806 1592 3875 Hannoveranos
1618 3807 1840 3876 Mathematico
1869 3816 1903 3877 et
1929 3811 2051 3878 Medico
2074 3814 2353 3894 praestantissimo.

619 3914 715 3979 Edita
736 3916 786 3979 est
805 3929 827 3977 a
845 3909 1027 3977 Barchardo
1048 3908 1272 3977 Stercoreetrie
1293 3925 1346 3972 ars
1367 3912 1471 3974 certas
1493 3908 1700 3975 dimensiones
1730 3927 1895 3992 corporum
1924 3912 2046 3977 ratione
2071 3912 2292 3978 mathematica
2317 3931 2354 3978 ac

620 4012 855 4079 stereometrica
875 4010 965 4091 virga
985 4026 1055 4075 cum
1075 4007 1265 4073 dimensione
1287 4007 1530 4089 aequatorioque
1551 4008 1685 4089 desuper
1705 4008 1824 4075 affabre
1845 4010 1992 4078 confectis
2014 4011 2145 4079 docens:
2174 4019 2207 4078 et
2228 4013 2355 4077 Aeacii

619 4114 837 4181 Astroemnici
864 4111 1061 4194 conpositio,
1097 4106 1282 4190 libellusque
1309 4106 1513 4174 Germanicus
1542 4108 1921 4179 conmemoratione
1940 4112 2035 4195 sonte
2063 4114 2097 4178 ire
2118 4112 2353 4197 Spr'pclberp‘).

621 4215 669 4281 De
687 4214 802 4281 studiis
823 4210 1045 4277 Mithohiorum
1064 4207 1104 4275 H.
1125 4207 1302 4274 Fahronius
1322 4207 1380 4274 hoc
1399 4207 1511 4293 adjecit
1532 4208 1751 4290 Epigramma:

1102 4307 1189 4363 Arabo
1208 4307 1341 4363 Mitirohii
1357 4307 1484 4363 celebrem
1500 4306 1615 4363 docerem
1632 4309 1780 4377 Mothcsio,

1140 4395 1202 4464 Quo
1222 4392 1330 4449 eaerum
1347 4396 1422 4449 coeio
1441 4394 1566 4449 mucce
1584 4410 1676 4450 amora
1692 4396 1765 4451 colit.

1103 4480 1160 4535 Hie
1175 4480 1294 4536 medaea
1311 4479 1441 4536 adhihent
1452 4482 1533 4550 felici
1548 4498 1657 4536 manee
1673 4499 1761 4549 curos,

1136 4567 1178 4622 Et
1193 4568 1332 4638 perirent
1349 4567 1445 4623 Medea
1462 4568 1554 4623 dones
1570 4576 1682 4638 uterque
1698 4586 1770 4625 oues.

621 4656 737 4723 Petrus
758 4660 862 4722 autem
882 4654 1026 4736 Nigidius
1046 4652 1234 4720 Mithobium
1255 4656 1313 4721 hoc
1333 4656 1458 4720 ornavit
1479 4654 1597 4737 elogio:

1104 4753 1267 4810 Burcardco
1283 4755 1395 4810 celebria
1411 4753 1508 4810 domos·
1523 4756 1676 4811 Mithobius
1693 4756 1758 4810 olim

1139 4840 1283 4911 Gyeonasr's'
1299 4840 1388 4896 nostri
1403 4841 1548 4912 aphrodito
1561 4841 1644 4910 samo
1655 4843 1724 4910 fcit.

722 4948 750 5016 l)
768 4945 849 5015 Apud
867 4945 1005 5014 Nigidium
1023 4949 1113 5000 exstat
1127 4946 1214 5000 nobie.

721 5034 751 5103 2)
770 5032 918 5101 Hambnrgi
937 5040 1028 5087 natum
1045 5032 1137 5087 dicunt
1154 5030 1293 5101 Nigidius,
1310 5031 1485 5100 cossardus,
1511 5031 1633 5087 Adamus
1650 5032 1699 5099 al.‚
1724 5034 1820 5103 quihus
1839 5035 1913 5090 aliud
1930 5035 2112 5092 testimoninm
2127 5037 2162 5093 ad
2180 5038 2355 5095 Neostadinm

624 5119 842 5188 Calenbergense
862 5118 991 5189 oppidum
1008 5117 1067 5188 ejus
1085 5117 1217 5187 originem
1234 5117 1356 5173 referens
1366 5118 1519 5187 praefertur
1534 5134 1551 5173 a
1569 5117 1707 5173 Striedero
1725 5120 1779 5190 IX,
1799 5136 1825 5189 p.
1844 5124 1885 5175 68.

722 5206 828 5275 3)an
846 5205 946 5261 iactum
965 5220 1026 5261 esse
1046 5221 1081 5261 m.
1098 5202 1175 5260 iulio
1193 5220 1217 5259 a.
1237 5205 1302 5258 1535
1321 5220 1354 5260 ex
1372 5205 1444 5262 Albo
1463 5204 1539 5263 acad.
1557 5211 1684 5275 apparea
1709 5206 1734 5261 d.
1754 5206 1799 5261 Xl.
1817 5223 1850 5263 nn
1870 5208 1938 5265 Noc.
1960 5211 2082 5281 ciusdem
2104 5212 2167 5267 anni
2192 5212 2353 5269 doctoratus

623 5293 741 5361 insignia
758 5293 864 5361 accepit
881 5291 919 5347 M.
953 5321 987 5331 -
1020 5293 1050 5361 4)
1069 5292 1160 5360 imago
1178 5290 1313 5345 Mithohii.

722 5379 752 5448 e)
770 5378 913 5434 Librorum
930 5377 1011 5433 index
1029 5392 1045 5432 e
1060 5377 1200 5434 Boissardi
1220 5377 1292 5433 lcon.
1312 5378 1363 5449 111,
1380 5395 1408 5448 p.
1428 5382 1478 5435 176
1497 5377 1634 5436 desumtus
1653 5393 1714 5435 esse
1732 5378 1843 5437 ridetur.
