5534 6984
600 811 667 879 126

597 999 735 1080 Regibus
757 997 856 1063 Gallis
886 1000 1090 1078 acceperant,
1126 995 1402 1077 Palaeologoruru,
1435 993 1682 1061 Justinianorum
1704 1000 1737 1060 et
1769 992 2009 1077 spuerit-iconam
2034 991 2224 1071 Regulorum
2253 990 2343 1057 inivit

598 1099 743 1180 gratiam.
786 1099 828 1160 At
842 1097 922 1161 enim
938 1115 1034 1178 quum
1050 1096 1351 1161 turbulentissimam
1368 1095 1440 1159 belli
1455 1096 1576 1160 Turcici
1591 1101 1811 1177 tempestatem
1828 1095 1932 1174 Gppro
1952 1091 2131 1173 impendere
2144 1092 2341 1173 praesagiret

598 1199 738 1273 animus,
764 1192 983 1261 Alexandrea
1005 1194 1221 1277 Schuleuburg
1242 1204 1276 1260 et
1298 1195 1521 1277 Glaristophoro
1542 1196 1662 1260 Furero
1686 1194 1924 1276 heribergensi,
1952 1194 2006 1273 qui
2028 1193 2190 1272 Aegypto,
2223 1190 2343 1255 Arabia

598 1305 631 1363 et
651 1296 743 1378 Syria
768 1296 970 1378 perlustratis
998 1314 1035 1361 eo
1064 1295 1145 1360 lortc
1172 1300 1398 1376 peruenerant,
1438 1295 1604 1360 comitatus
1634 1295 1666 1359 in
1696 1295 1820 1361 Italiam
1851 1294 1945 1359 rediit
1974 1296 2008 1357 et
2035 1310 2131 1373 quum
2161 1290 2342 1371 aliquandiu

597 1398 737 1462 venetiis
760 1396 953 1461 substitisset
974 1401 1068 1476 atque
1090 1395 1231 1476 Patauii,
1257 1395 1409 1460 Viennam
1437 1394 1608 1460 contendit.
1650 1393 1765 1460 Verum
1787 1414 1827 1460 ne
1850 1391 2086 1475 quoquomodo
2109 1389 2343 1471 elanguesceret

597 1498 629 1561 in
650 1498 716 1562 ocio
736 1496 875 1575 animus,
895 1496 1029 1576 repetito
1050 1494 1176 1574 itinere,
1199 1512 1293 1574 quum
1312 1494 1495 1574 Huugariae
1515 1493 1592 1559 locis
1612 1495 1789 1575 peragratis
1811 1494 1862 1557 nix
1881 1498 1966 1558 esset
1986 1492 2148 1573 ingressus
2167 1489 2343 1554 Moraviam

598 1598 629 1661 in
650 1596 824 1678 praedones
847 1593 972 1674 incidit,
999 1594 1150 1674 aquibus
1176 1610 1271 1674 equo,
1303 1594 1436 1674 pecunia
1465 1598 1497 1658 et
1525 1594 1667 1658 restibus
1695 1593 1883 1674 dispoliatus
1905 1592 2069 1658 Strasnicii
2098 1590 2235 1655 occurrit
2261 1588 2343 1653 lorte

597 1696 740 1761 Domino.
781 1697 885 1776 Atque
904 1693 954 1757 hic
975 1693 1100 1776 quidem
1123 1692 1335 1758 (lothariam-m
1355 1692 1527 1757 liberaliter
1554 1691 1696 1757 habitum
1728 1692 1867 1757 vestibus
1892 1692 1975 1772 juvit
2003 1708 2114 1755 narsus
2145 1695 2178 1754 ct
2202 1688 2343 1771 pecunia,

597 1796 652 1876 qui
673 1812 768 1876 porro
790 1793 900 1859 exinde
914 1793 1139 1858 Vratislaviam
1162 1792 1291 1857 Silesiae
1311 1794 1510 1875 metropolim
1532 1792 1691 1874 profectus
1712 1810 1781 1857 cum
1803 1792 1929 1856 Nicolao
1951 1791 2150 1870 lihediugero
2172 1794 2204 1853 et
2224 1788 2342 1853 lacobo

596 1900 694 1977 atque
720 1894 813 1959 Petro
841 1892 995 1958 hlouariis
1016 1891 1248 1973 Wittebergam
1277 1893 1447 1973 concessit,
1476 1893 1651 1975 ibidemque
1680 1892 1819 1956 Peuccro
1843 1891 1983 1987 salutato
2012 1891 2052 1954 ad
2080 1889 2293 1954 Alexandrum
2322 1905 2342 1951 a

598 1994 823 2075 Schuleuburg,
846 2011 936 2075 quem
957 1993 988 2056 in
1009 1992 1115 2057 reditu
1139 1993 1274 2073 eCypro
1295 1992 1417 2057 itineris
1438 1993 1581 2058 comitem
1603 1991 1766 2071 habuerat,
1788 1991 1874 2056 abiit.
1917 1990 2021 2073 Hujus
2043 2009 2137 2071 opera
2159 1988 2342 2054 sublevatus

598 2096 630 2159 in
650 2094 809 2159 Poloniam
834 2110 867 2157 se
895 2093 1028 2157 contulit
1056 2096 1088 2155 et
1114 2091 1200 2172 apud
1222 2091 1479 2173 christophorum
1500 2092 1691 2157 Razerilium
1712 2090 1818 2155 Olieae
1839 2090 1957 2154 Ducem
1988 2088 2167 2169 aliquandiu
2189 2088 2341 2153 substitit.

597 2194 659 2260 Sed
681 2192 763 2257 euim
785 2210 880 2274 quum
902 2192 934 2256 in
955 2191 1095 2256 Sueciam
1123 2192 1272 2272 navigare
1297 2196 1444 2273 cuperet,
1472 2192 1646 2272 naufragus
1667 2196 1789 2256 mutata
1809 2189 1930 2253 itineris
1954 2189 2074 2253 ratione
2096 2206 2152 2269 per
2173 2188 2341 2266 cassatos,

600 2292 798 2372 Pomeranos
816 2292 1080 2373 llegapolitanos,
1101 2291 1250 2357 Holsatos
1266 2310 1363 2373 parvo
1378 2292 1544 2357 admodum
1563 2292 1658 2355 maris
1673 2291 1807 2371 trajectu
1822 2288 1968 2354 Hafuiam
1988 2288 2132 2369 peruenit
2152 2293 2184 2352 et
2204 2287 2343 2368 acceptis

595 2393 711 2458 ibidem
731 2410 752 2456 a
775 2391 920 2456 Danaaeo
942 2392 1046 2472 legato
1068 2391 1168 2472 Regio
1189 2391 1232 2455 ad
1256 2392 1377 2456 Galliac
1398 2392 1516 2471 Regem
1544 2391 1643 2456 literis
1666 2391 1698 2455 in
1717 2389 1852 2454 Galliam
1874 2406 2020 2453 reversus
2040 2386 2124 2451 Petri
2145 2388 2341 2468 potissimum

596 2492 720 2558 Pithoei
757 2495 791 2556 et
824 2492 911 2556 Petri
947 2492 1038 2555 Rami
1072 2508 1168 2556 suasu
1198 2491 1326 2571 Regulis
1364 2491 1547 2571 quibusdam
1582 2509 1600 2555 e
1634 2490 1921 2555 blesancheriorum
1953 2493 1986 2553 et
2014 2488 2215 2553 Dominarum
2247 2485 2342 2551 dela

543 2586 546 2594 ’
597 2592 803 2659 Chauuiuiere
825 2592 857 2655 iu
873 2590 1053 2655 Pictonibus
1075 2590 1193 2654 familia
1213 2590 1389 2671 praelectus
1411 2596 1469 2671 est,
1490 2596 1527 2656 ut
1541 2610 1596 2656 eos
1610 2608 1673 2655 nou
1689 2590 1782 2655 aliter
1804 2594 1899 2670 atque
1919 2588 2003 2670 apud
2018 2589 2189 2652 Homerum
2204 2586 2341 2651 Phoenix

597 2691 757 2773 Achillem,
779 2697 921 2756 oratores
943 2688 1080 2755 efficeret
1101 2690 1268 2755 verborum
1289 2696 1322 2754 et
1345 2696 1467 2755 actores
1487 2709 1600 2755 rerum.
1642 2690 1778 2771 Ideoque
1800 2690 1870 2755 illos
1892 2690 1977 2770 ipsos
2000 2693 2032 2753 et
2055 2688 2095 2752 ad
2112 2688 2341 2769 Marpurgense

596 2792 853 2859 Panathenaeum
862 2792 1003 2878 primum
1018 2797 1051 2856 et
1064 2791 1257 2872 Lipsiensem
1279 2796 1312 2856 et
1324 2790 1607 2872 Wittebergcnsem
1626 2790 1824 2855 Academiam
1837 2788 2034 2871 postmodum
2052 2787 2192 2852 adduxit.
2224 2787 2341 2851 Verum

595 2913 691 2975 quum
710 2892 775 2973 jam
797 2892 950 2972 dissipata
972 2896 1057 2955 esset
1084 2891 1201 2971 passim
1230 2891 1269 2955 de
1289 2891 1414 2955 laniena
1436 2890 1490 2955 illa
1513 2890 1651 2971 Gallica,
1682 2908 1763 2971 quae
1792 2908 1874 2953 anno
1894 2888 2076 2953 arbum
2104 2887 2186 2952 cirea
2207 2886 2341 2952 Bartho-
2393 2906 2395 2910 ’

594 2994 709 3059 lomaei
730 2992 846 3056 festum
868 2992 1039 3072 innuptiis
1060 2991 1191 3056 Heurici
1211 2998 1279 3057 tum
1299 2992 1423 3072 quidem
1444 2992 1633 3071 Navarreni,
1661 2990 1716 3055 sed
1739 2989 1911 3055 Galliarum
1933 2995 2043 3070 postea
2065 2988 2147 3069 regis
2169 2987 2342 3065 fortissimi,

596 3094 700 3174 coepit
718 3092 863 3170 Parisiis,
885 3089 986 3170 lama,
1009 3090 1168 3172 discipulis
1190 3091 1322 3155 aliorum
1341 3090 1413 3155 fidei
1435 3091 1563 3155 creditis
1584 3096 1617 3155 et
1637 3092 1669 3155 in
1690 3089 1833 3170 Angliam
1853 3090 1989 3171 primum
2010 3093 2044 3153 et
2063 3088 2262 3169 postmodum
2284 3106 2342 3169 per

596 3192 714 3256 medios
736 3190 843 3255 hostes
857 3190 1022 3271 Rupellam
1043 3190 1262 3271 proficiscitur,
1282 3196 1318 3255 ut
1338 3209 1463 3256 suorum
1484 3191 1652 3271 parenteia,
1674 3191 1727 3271 qui
1748 3189 1955 3253 isthucvelut
1974 3188 2123 3252 inlocum
2147 3188 2341 3252 tutissimum

597 3291 818 3371 confugerant,
847 3290 886 3354 de
913 3290 1047 3355 liliomm
1074 3290 1253 3355 valetudine
1281 3309 1318 3355 ac
1346 3290 1523 3356 conditione
1552 3291 1697 3355 edoceret
1725 3306 1839 3354 coram.
1891 3291 1995 3369 Atque
2024 3289 2094 3352 hinc
2122 3306 2215 3369 porro
2244 3305 2342 3369 quum

596 3392 743 3456 rediisset
765 3395 797 3455 et
817 3409 836 3455 e
858 3390 1017 3471 discipulis
1039 3390 1189 3471 majorem
1208 3397 1286 3455 natu
1307 3390 1339 3455 in
1354 3390 1448 3471 Regis
1466 3390 1593 3455 Hcmici
1607 3390 1654 3455 111
1676 3396 1742 3453 tum
1761 3390 1908 3470 temporis
1930 3390 1962 3453 ia
1978 3387 2140 3453 Polouiam
2155 3388 2197 3452 ad
2212 3406 2342 3468 reguum

596 3490 821 3573 capessendum
853 3489 999 3555 abeuntis
1033 3491 1181 3554 comitatu
1218 3490 1413 3571 reliquisset,
1451 3491 1591 3571 reliquos
1621 3488 1862 3570 Heidelbergam
1895 3494 1928 3552 et
1959 3488 2030 3552 inde
2059 3487 2182 3552 Donelli
2211 3488 2340 3552 consilio

595 3591 752 3657 Basileam
773 3589 912 3654 abduxit.
955 3589 1018 3655 Sed
1040 3590 1121 3654 euim
1141 3608 1238 3670 quum
1257 3590 1455 3655 Amerbachii
1477 3596 1509 3653 et
1529 3589 1670 3654 Sultzeri
1687 3608 1781 3653 suasu
1808 3592 1937 3669 propter
1965 3594 2068 3653 certas
2096 3605 2207 3652 causas
2237 3587 2339 3652 locum

594 3693 697 3772 ipsum
724 3688 911 3754 nrutaudum
940 3689 1085 3767 duceret,
1125 3689 1277 3769 ligurum
1303 3690 1458 3754 concessit
1488 3689 1627 3770 inibique
1655 3689 1781 3769 hospitii
1808 3689 1881 3771 jure
1910 3706 1980 3753 cum
2009 3687 2140 3752 Simlero
2168 3692 2341 3766 contracto,

595 3790 778 3871 Bullingero
796 3789 947 3870 inprimis,
961 3788 1147 3870 Lavatirero,
1166 3789 1495 3855 GualteroctStuckio
1509 3807 1583 3854 usus
1599 3795 1647 3854 est
1661 3788 1865 3854 familiariter.
1896 3786 2103 3869 Caeteroquin
2118 3805 2188 3851 cum
2204 3806 2261 3852 nec
2277 3788 2340 3851 illic

596 3891 696 3955 veluti
717 3890 759 3953 ad
782 3889 925 3971 scopulos
954 3887 1243 3954 adhaerescendum
1270 3896 1401 3971 putaret
1429 3890 1490 3954 sibi
1520 3895 1553 3954 et
1582 3891 1666 3969 suis,
1698 3889 1901 3975 perlustratis
1929 3888 2132 3952 nobilioribus
2154 3888 2341 3952 Germaniae

596 3990 671 4055 locis
691 3989 724 4052 iu
745 3988 886 4068 Belgium
909 3994 942 4053 et
970 3989 1081 4053 exinde
1108 3990 1141 4054 in
1161 3989 1308 4069 Angliam
1336 3990 1513 4070 contendit,
1541 3990 1744 4070 confectoque
1772 3988 1831 4053 hoc
1855 4006 1892 4053 ex
1918 3989 2016 4053 animi
2044 3989 2200 4053 sententia
2229 3988 2341 4051 itinere

595 4089 729 4154 naribus
758 4089 854 4168 regiis
876 4088 908 4152 in
931 4088 1066 4154 Galliam
1086 4094 1226 4153 revectus
1249 4089 1288 4153 ab
1310 4088 1543 4154 adolescentum
1567 4090 1703 4170 ipsorum
1725 4088 1910 4169 parentibus
1933 4094 2097 4169 exoratur,
2132 4093 2167 4153 ut
2188 4106 2249 4169 qua
2271 4088 2341 4151 illos

596 4190 657 4255 lide
685 4195 718 4253 et
750 4206 827 4253 cura
858 4207 914 4269 per
943 4188 1158 4270 Germaniam,
1195 4188 1339 4268 Belgium
1370 4194 1403 4253 et
1436 4189 1579 4269 Angliam
1616 4189 1817 4269 adduxisset,
1862 4190 1971 4253 eadem
2006 4189 2103 4252 etiam
2133 4206 2190 4269 per
2217 4189 2342 4253 Italiam

597 4290 808 4355 comitaretur.
852 4289 1004 4367 Quocirca
1027 4307 1122 4370 quum
1150 4308 1188 4353 ex
1216 4289 1329 4352 itinere
1356 4288 1513 4354 Genavam
1543 4294 1675 4370 atquae
1702 4288 1775 4353 inde
1804 4306 1865 4351 nou
1894 4288 2001 4369 procul
2025 4288 2140 4366 distat,
2175 4288 2340 4353 Crusiliam

597 4389 791 4471 deflexisset,
819 4394 1029 4470 parentesque
1056 4407 1129 4453 suos
1158 4390 1231 4454 istic
1258 4389 1444 4468 salutasset,
1474 4390 1629 4470 superatis
1653 4389 1783 4469 Alpibus
1807 4388 1939 4452 Galliam
1964 4387 2152 4469 Cisalpinam
2175 4394 2340 4471 utramque

596 4489 785 4571 peragravit.
828 4489 906 4552 Post
919 4489 1119 4570 Apenninum
1134 4488 1356 4553 transcendens
1371 4490 1564 4553 florentiam
1579 4496 1610 4553 et
1626 4490 1724 4555 Sonus
1743 4488 1832 4567 adiit,
1852 4487 1905 4551 ubi
1928 4488 2109 4568 aliquandiu
2131 4496 2341 4553 commoratus

596 4591 725 4654 Rolnam
745 4588 884 4670 perrexit
906 4593 939 4653 et
960 4589 1132 4669 Neapolim.
1177 4590 1240 4654 Sed
1261 4591 1394 4654 iusidias
1416 4594 1452 4654 ut
1472 4594 1612 4667 caveret,
1635 4590 1771 4652 monitus
1793 4588 1881 4651 Pisas
1904 4605 1974 4651 cum
1997 4588 2062 4651 suis
2083 4588 2223 4669 navigat,
2246 4595 2341 4668 atque

597 4690 668 4754 inde
689 4708 745 4770 per
766 4689 926 4767 Liguriam
949 4696 981 4753 et
1003 4689 1124 4753 Galliae
1151 4689 1365 4754 Narbonensis
1393 4690 1527 4771 myricas
1556 4694 1588 4753 ot
1620 4689 1712 4752 urbes
1742 4688 1853 4751 itinere
1882 4688 1996 4769 ubique
2022 4687 2196 4751 latronibus
2224 4689 2340 4767 passim

595 4795 692 4871 atque
712 4789 861 4853 militibus
883 4789 950 4852 vias
973 4788 1179 4858 insidentibus
1199 4790 1328 4870 infesto,
1349 4808 1412 4853 nou
1436 4790 1502 4853 sino
1523 4806 1637 4869 magno
1658 4794 1801 4868 suuquu,
1823 4792 1858 4851 at
1879 4786 1985 4852 labore
2008 4791 2040 4851 ct
2063 4786 2200 4867 periculo
2223 4788 2339 4869 majore

595 4888 734 4953 bloutem
750 4888 905 4952 Albanum
929 4888 1055 4953 devenit
1076 4889 1211 4952 taudem.
1253 4888 1313 4952 Hic
1333 4890 1439 4969 itaque
1458 4889 1597 4954 collectis
1612 4906 1724 4953 rursus
1739 4888 1857 4953 uiribus
1879 4894 1911 4949 ct
1934 4886 2153 4967 diplomatibus
2175 4904 2194 4949 a
2211 4886 2339 4951 militiae

596 4990 665 5054 istis
686 4989 718 5052 111
741 4988 816 5052 locis
838 4988 975 5052 nucibus
997 5007 1112 5068 magno
1136 4989 1227 5051 erratis
1249 4988 1419 5054 instructus
1441 4988 1623 5069 Rupellam,
1647 5007 1707 5068 quo
1728 4987 2019 5051 recrudescentibus
2041 4988 2158 5066 passim
2182 4987 2214 5050 111
2238 4988 2339 5051 Gallia

596 5095 668 5170 quast
690 5088 813 5151 lleurici
842 5107 859 5151 e
884 5088 1015 5152 l‘olouia
1043 5089 1178 5152 reditum
1206 5088 1324 5152 bellicis
1358 5089 1496 5153 motibus
1532 5094 1679 5169 parentes
1714 5088 1935 5167 confugerant,
1978 5086 2079 5149 denuo
2106 5104 2177 5150 suos
2206 5086 2339 5162 reduxit,

596 5196 692 5269 atque
720 5208 776 5269 pro
804 5194 920 5251 nauata
952 5207 1047 5270 opera
1078 5189 1226 5253 laudatus
1259 5190 1360 5267 magis
1392 5207 1484 5269 quam
1516 5188 1637 5251 ditatus
1668 5204 1779 5251 nornen
1809 5187 1894 5249 dedit
1923 5185 2068 5267 militiae,
2100 5206 2157 5267 pro
2186 5188 2339 5250 corrnuuui

596 5287 854 5368 Evangelicorum
875 5307 988 5352 caussa
1007 5295 1188 5368 susceptae,
1214 5294 1246 5352 et
1269 5296 1354 5351 terra
1376 5289 1517 5369 marique
1540 5306 1652 5367 passus
1675 5289 1799 5349 omniuo
1823 5286 1922 5349 multa
1946 5287 2095 5350 Nararrei
2121 5288 2213 5350 ctiam
2236 5285 2339 5349 aulana

596 5387 775 5470 aliquandiu
798 5390 949 5469 sequitur.
994 5388 1055 5453 Sed
1085 5396 1195 5469 postca
1221 5387 1325 5451 studio
1354 5396 1385 5451 et
1417 5388 1543 5453 consilio
1570 5388 1676 5467 raragui
1706 5388 1789 5451 iliius
1812 5386 1910 5451 Noaei
1935 5386 2136 5451 llonlerautii
2159 5390 2191 5451 et
2211 5386 2339 5450 lamaci
