5534 6984
576 864 625 933 fili

577 1054 719 1119 Nannius
741 1050 904 1118 docebant.
953 1048 1031 1112 Inde
1059 1065 1130 1112 mor
1158 1045 1389 1126 Wittebergam
1423 1044 1594 1111 concedens
1622 1064 1691 1111 cum
1714 1062 1828 1125 magno
1857 1043 1911 1108 illo
1939 1044 2096 1125 Theologo
2125 1046 2162 1109 D.
2185 1047 2322 1113 Martiuo

575 1154 718 1219 Luthero
740 1150 894 1215 habitavit
914 1152 947 1213 et
968 1146 1145 1228 Philippum
1166 1144 1418 1227 Melantbonem,
1447 1144 1623 1226 Uesperum
1652 1143 1853 1225 Crucigernm
1883 1149 1915 1209 et
1943 1144 2096 1210 loannem
2118 1146 2323 1212 Pomeranum

576 1254 701 1319 audivit
720 1249 836 1316 sedulo.
879 1248 994 1313 Postea
1016 1266 1099 1312 anno
1113 1246 1266 1311 MDXLII
1279 1246 1485 1327 Argentinam
1507 1245 1595 1325 abiit,
1618 1243 1672 1307 ubi
1692 1250 1761 1307 tum
1783 1249 1874 1309 erant
1885 1244 2001 1309 Petrus
2013 1244 2146 1327 Martyr,
2166 1247 2323 1313 Martinus

575 1353 724 1433 BuaeruS,
741 1350 881 1415 ioannes
892 1347 1061 1427 SturmiuS,
1084 1345 1200 1411 Paulus
1211 1346 1335 1428 Fagius,
1354 1345 1510 1426 Casperus
1523 1343 1624 1407 Hedio
1637 1342 1751 1423 aliique
1768 1343 1827 1407 viri
1848 1343 2054 1410 excellentes:
2076 1344 2160 1410 unde
2174 1344 2323 1426 Tigurum

575 1452 733 1534 profectus
755 1448 900 1514 Conrado
919 1447 1075 1512 Pellicano
1098 1446 1158 1511 iuit
1179 1446 1376 1511 domesticus.
1419 1443 1511 1524 Apud
1534 1443 1590 1507 hos
1619 1442 1701 1507 viros
1725 1447 1757 1507 et
1778 1442 1911 1524 Faginm
1932 1444 2119 1525 praesertim
2141 1463 2176 1509 se
2198 1444 2323 1526 linguae

575 1551 741 1616 Hebraeae
762 1547 882 1613 dedidit
903 1546 1025 1625 studio,
1053 1545 1086 1609 in
1108 1563 1168 1626 quo
1190 1544 1237 1609 ita
1256 1543 1404 1626 proiecit,
1436 1547 1472 1606 ut
1501 1541 1639 1622 ejusdem
1658 1541 1806 1624 Inrapnee
1830 1542 1976 1610 Oenones
2004 1544 2037 1608 in
2066 1543 2164 1609 lucem
2185 1544 2323 1609 emiserit

576 1650 730 1716 Basileae.
773 1647 874 1713 Notus
892 1646 965 1711 inde
980 1644 1080 1710 doctis
1095 1663 1165 1709 eum
1178 1644 1346 1709 Academia
1357 1640 1594 1722 Marpnrgensis
1608 1640 1822 1707 Professorem
1833 1642 1864 1707 S.
1882 1642 2009 1724 linguae
2025 1649 2148 1709 mortuo
2164 1643 2323 1708 Noutzeno

576 1769 639 1815 nou
658 1748 799 1829 baberet,
818 1747 886 1828 ipse
905 1745 1033 1810 tametsi
1054 1745 1095 1809 ad
1111 1743 1199 1809 Juris
1220 1742 1358 1809 studium
1379 1740 1552 1822 appulisset
1572 1740 1721 1821 animum,
1742 1758 1776 1805 so
1796 1740 1995 1807 nihilominus
2009 1742 2197 1807 Academiae
2209 1747 2324 1824 rogatu

576 1850 620 1914 ad
638 1848 780 1930 hagnam
807 1846 954 1912 Sanctam
982 1843 1238 1925 pertractandam
1265 1840 1392 1922 dedit1)
1419 1846 1452 1905 et
1480 1840 1668 1905 ltectomtus
1701 1842 1828 1922 insuper
1855 1840 2009 1921 dignitate
2037 1842 2088 1907 vel
2116 1847 2230 1923 quarta
2258 1843 2324 1907 rice

577 1952 700 2015 auctus.
743 1944 946 2011 Postmodum
959 1943 1094 2007 MDLVI
1105 1960 1187 2007 anno
1201 1941 1262 2022 jur.
1278 1939 1317 2005 U.
1332 1941 1371 2005 Ι).
1392 1939 1484 2003 titulo
1507 1939 1548 2003 ab
1563 1939 1773 2021 Oldendorpio
1787 1940 1955 2021 insignitus
1978 1940 2019 2005 ad
2031 1941 2324 2023 jurisconsultorum

578 2048 705 2112 transiit
726 2046 865 2113 ordinem
885 2051 918 2109 et
940 2042 1087 2108 (iadicem
1107 2040 1303 2123 explanando
1322 2041 1368 2105 ita
1393 2057 1427 2103 se
1451 2039 1536 2103 hisce
1565 2038 1687 2104 abdidit
1707 2039 1825 2121 literis,
1854 2045 1891 2104 ut
1911 2040 1952 2105 ad
1973 2058 2166 2105 communem
2187 2039 2325 2107 fructum

578 2145 831 2212 afferretomnia
852 2144 938 2209 etin
965 2144 1127 2224 aspectum
1154 2142 1315 2222 lucemque
1332 2137 1509 2220 juventutis
1537 2137 1695 2218 proferret
1724 2145 1758 2203 et
1780 2144 1885 2204 tamen
1910 2138 2110 2205 nihilominus
2121 2142 2151 2222 ²)
2180 2140 2324 2204 Hebraea

578 2246 700 2327 publice
730 2246 839 2310 docere
866 2261 965 2324 usqne
993 2242 1033 2306 ad
1065 2243 1150 2306 vitae
1176 2240 1268 2304 finem
1297 2256 1360 2302 non
1389 2241 1537 2302 cessaret.
1588 2238 1717 2303 Sextum
1747 2238 1820 2303 inde
1847 2239 1961 2305 Rector
1990 2240 2070 2304 hanc
2097 2238 2323 2320 dignitatema

581 2345 686 2411 Galen.
709 2344 802 2409 Jrrliis
831 2361 930 2424 usque
958 2342 1001 2406 ad
1032 2340 1191 2421 sequentis
1219 2339 1293 2403 anni
1314 2336 1432 2402 dulium
1456 2337 1620 2418 sustinuit,
1649 2356 1709 2418 quo
1732 2338 1843 2402 Musae
1876 2339 1962 2403 avita
1992 2356 2050 2403 sua
2080 2339 2155 2403 sede
2179 2340 2325 2420 expulsae

578 2445 678 2526 pestis
700 2443 796 2525 ipsius
819 2442 953 2507 saevitia
973 2439 1224 2519 Francobergam
1245 2437 1498 2517 commigrarunt.
1541 2435 1685 2501 Decessit
1707 2443 1811 2502 autern
1826 2456 1908 2501 anno
1923 2437 2107 2503 tlnhxxfl
2120 2438 2230 2502 Martii
2242 2438 2325 2518 XXI,

578 2548 704 2626 praeter
725 2542 872 2621 honores,
907 2558 984 2621 quos
1013 2557 1031 2601 e
1060 2537 1172 2603 studiis
1198 2537 1322 2615 retulit,
1350 2536 1434 2599 inter
1461 2536 1543 2601 cives
1571 2554 1692 2617 quoque
1720 2554 1792 2601 suos
1819 2536 2006 2603 Consulatus
2029 2538 2183 2618 dignitate
2206 2544 2326 2618 anctus,

579 2643 782 2724 sepultusque
812 2646 862 2704 est
881 2640 915 2703 in
936 2638 1015 2703 aede
1040 2638 1078 2701 D.
1105 2634 1308 2700 Elisabethae
1336 2634 1378 2698 ad
1404 2634 1502 2699 soceri
1530 2635 1567 2699 Ι).
1595 2634 1726 2701 Joannis
1748 2636 1886 2701 Ferrarii
1913 2637 2005 2703 latus.
2049 2638 2159 2703 iustus
2181 2637 2325 2716 Vultejm

579 2741 640 2805 viri
661 2740 844 2807 memoriam
865 2757 935 2803 cum
955 2737 1109 2803 charitate
1131 2735 1216 2799 hisce
1238 2734 1380 2799 versibus
1400 2735 1576 2814 usurpavit:

1069 2835 1196 2903 nepem
1214 2833 1338 2901 egregias
1357 2831 1454 2885 lendes
1473 2838 1499 2885 ct
1509 2832 1575 2898 jere
1593 2832 1713 2887 docendo

1107 2920 1308 2987 Hebraicisqnc
1326 2918 1403 2971 labris
1420 2918 1515 2971 retulit
1533 2918 1699 2987 Heppciies.

1067 3005 1120 3060 Illa
1138 3005 1247 3059 scitalas
1264 3004 1370 3058 Ductor
1390 3002 1485 3056 docuit
1497 3002 1559 3069 jes,
1577 3005 1680 3059 civibus
1697 3007 1743 3059 illc

1101 3092 1156 3145 «Ins
1176 3090 1276 3144 Omani
1295 3089 1376 3155 dieii,
1392 3095 1490 3158 gretes
1507 3094 1623 3157 atroque
1643 3093 1709 3145 saris.

1070 3178 1222 3246 Imperium
1236 3176 1334 3244 patrie
1352 3181 1456 3243 pareret
1473 3191 1533 3229 enno
1553 3174 1653 3229 Commi
1671 3177 1700 3230 in
1718 3179 1791 3244 erbe,

1104 3262 1253 3329 (Scandere
1271 3262 1332 3329 pais
1350 3261 1430 3314 vallet
1444 3261 1571 3326 celsitas-²)
1590 3268 1668 3315 astra
1683 3265 1762 3332 petit.

1070 3349 1246 3403 Planxerent
1263 3348 1346 3417 iopes:
1373 3347 1461 3400 inanes
1477 3348 1572 3402 salsole
1592 3354 1696 3402 enecate
1710 3349 1825 3417 peregit,

1109 3435 1209 3488 Tristis
1227 3439 1253 3487 at
1273 3433 1337 3487 urbs
1355 3432 1502 3501 lachrymis
1520 3433 1611 3487 ast-itit
1628 3433 1685 3487 eda
1702 3435 1768 3488 seia.

1076 3520 1202 3575 Vidimus
1221 3519 1321 3573 aiebam
1336 3534 1466 3587 proceres
1483 3517 1612 3572 dediscere
1625 3518 1723 3585 fenam,

1110 3605 1235 3659 Vidimus
1251 3605 1373 3673 afflictos
1392 3604 1499 3658 tristius
1516 3605 1557 3657 ire
1572 3611 1676 3672 pietres.

1071 3691 1200 3745 Omeribem
1219 3699 1342 3745 extrema
1358 3691 1477 3744 neomcns
1493 3691 1540 3758 pei
1558 3706 1622 3744 noce
1640 3691 1755 3745 salntem

1103 3777 1235 3842 Dixerat,
1252 3779 1324 3831 barac
1342 3792 1433 3829 omnes
1449 3791 1505 3829 non
1522 3776 1632 3829 eolorare
1651 3778 1728 3831 naam.

1072 3864 1140 3932 Quoia
1153 3868 1287 3930 memoret,
1300 3862 1398 3930 pieres
1410 3862 1564 3930 lachrymas
1575 3863 1729 3916 castissima
1742 3864 1845 3930 comere

1104 3949 1232 4013 Fueena,
1250 3947 1383 4001 arietati?
1399 3947 1477 4016 plebs
1494 3949 1591 4012 retiner,
1610 3964 1680 4001 anna
1694 3949 1811 4017 patres?

1071 4034 1137 4088 Non
1155 4035 1299 4087 illiceret
1318 4034 1486 4102 laclerymae:
1512 4040 1582 4087 tenet
1606 4034 1680 4088 alins
1701 4034 1845 4104 Olympum

1105 4120 1218 4189 Nosque
1237 4120 1386 4174 resultante
1405 4135 1468 4173 noce
1486 4120 1576 4173 celere
1590 4120 1675 4185 jebet.

1188 4331 1375 4397 Antonius
1403 4332 1728 4397 Heistermannus.

709 4462 908 4528 Brakelensis
937 4461 1136 4543 Westphalus
1165 4463 1195 4528 J.
1218 4463 1256 4529 U.
1277 4464 1315 4528 Ι).
1345 4465 1473 4529 summis
1508 4464 1668 4544 quibusvis
1693 4464 1808 4528 aetatis
1837 4482 1912 4529 suae
1942 4465 2018 4529 viris
2047 4464 2096 4528 vel
2127 4464 2251 4544 ingenio
2283 4461 2332 4526 vel

586 4561 727 4626 doctrina
749 4562 798 4626 rel
818 4561 995 4643 eloquentia
1017 4580 1076 4643 par
1097 4562 1222 4628 habitus
1245 4563 1346 4644 prima
1368 4564 1544 4628 studiorum
1564 4563 1715 4643 tyrocinia
1736 4563 1767 4626 in
1783 4562 2003 4644 Westphalicis
2024 4562 2195 4644 gymnasiis
2218 4562 2333 4647 posuit,

585 4661 612 4724 si
635 4661 801 4742 quisquam
821 4661 919 4741 alius,
948 4662 1082 4742 egregie.
1132 4662 1334 4728 Postmodum
1362 4662 1481 4743 ingenii
1510 4662 1599 4744 quasi
1627 4666 1721 4726 aestu
1742 4662 1878 4742 quodam
1901 4663 2052 4743 abreptus
2080 4668 2112 4727 et
2139 4664 2171 4726 in
2193 4661 2292 4725 altum
2315 4678 2332 4723 e

586 4766 753 4842 conspectu
779 4778 857 4841 pene
892 4760 1030 4825 omnium
1065 4761 1245 4827 abstractus
1273 4780 1458 4843 omnemque
1490 4779 1596 4826 rerum
1623 4765 1656 4823 et
1684 4760 1825 4840 inprimis
1855 4762 1936 4843 juris
1966 4762 2127 4826 scientiam
2156 4760 2332 4842 complexus

585 4859 756 4924 Hessorum
775 4859 929 4939 Principis
952 4859 1086 4941 Philippi
1114 4862 1217 4927 accitu
1245 4862 1362 4926 nostris
1394 4861 1479 4925 hisce
1505 4860 1667 4925 Musarum
1686 4860 1855 4926 Penatibus
1885 4862 2034 4926 successit
2063 4861 2190 4942 hospes,
2220 4876 2332 4923 rnuuus

586 4956 734 5037 docendi,
761 4958 845 5039 quod
864 4962 937 5039 post
959 4958 1162 5041 Oldendorpii
1188 4960 1307 5025 obitum
1334 4961 1517 5041 primarium
1545 4960 1677 5039 contigit
1703 4959 1829 5041 homini,
1860 4961 2005 5024 oratione
2034 4960 2066 5023 in
2095 4960 2224 5040 collegio
2255 4957 2333 5022 bani

586 5072 669 5120 anno
689 5055 855 5122 MDLXIV
875 5056 954 5139 Maji
978 5058 1029 5123 die
1050 5059 1184 5139 septima
1202 5058 1311 5123 habita
1333 5060 1523 5141 auspicatus.
1567 5058 1634 5137 Quo
1657 5059 1779 5141 quidem
1792 5059 1825 5123 in
1842 5076 1970 5124 munere
1991 5059 2037 5123 ita
2059 5077 2092 5124 se
2115 5059 2273 5138 tractavit,
2298 5064 2333 5122 ut

586 5161 619 5219 et
645 5152 783 5219 docendo
819 5161 853 5220 et
890 5156 929 5221 de
959 5157 1029 5238 jure
1062 5158 1129 5238 ipso
1155 5157 1373 5238 respondendo
1410 5158 1451 5222 ad
1485 5175 1636 5223 summam
1664 5159 1887 5224 authoritatem
1926 5159 2062 5223 omnium
2091 5176 2242 5223 consensu
2273 5158 2334 5222 sibi

586 5254 748 5335 paraverit
777 5254 915 5337 aditum,
943 5256 975 5320 id
1005 5258 1092 5337 qnod
1120 5257 1284 5338 Paganus,
1314 5257 1369 5338 qui
1398 5261 1463 5321 tum
1491 5257 1639 5337 temporis
1668 5258 1700 5321 in
1728 5258 1786 5322 viri
1819 5255 1943 5323 laudem
1970 5258 2061 5325 hosce
2090 5276 2198 5323 versus
2227 5256 2334 5337 edidit,

586 5353 688 5418 innuit
711 5370 772 5417 non
793 5353 935 5418 obscure:

693 5537 721 5604 l)
741 5534 819 5603 Quod
836 5535 936 5591 factum
955 5543 998 5593 ast
1014 5552 1039 5593 a.
1058 5536 1191 5593 MDXLV
1208 5538 1347 5594 Striedero
1366 5545 1446 5595 teste.
1565 5543 1592 5607 2)
1612 5540 1701 5595 Locus
1720 5538 1851 5607 imaginis.
