5534 6984
1070 1055 1142 1125 Quin
1165 1060 1192 1107 ct
1218 1051 1433 1120 curuupoono
1452 1050 1616 1105 erecturus
1634 1050 1705 1115 jura
1722 1049 1842 1105 docercdo

1100 1139 1207 1194 Euecit
1222 1142 1347 1193 uestram
1363 1150 1421 1192 uou
1435 1136 1494 1191 εἰπε
1507 1135 1592 1205 scope
1610 1136 1738 1190 scholam.

1068 1227 1139 1280 Post
1155 1225 1214 1279 ulio
1231 1239 1261 1279 sc
1278 1227 1444 1287 concuteris,
1461 1222 1487 1277 is
1505 1221 1620 1291 denique
1639 1221 1762 1277 Futdum

1102 1311 1269 1365 Provmsus
1287 1315 1379 1364 mes
1397 1307 1578 1377 amplificavit
1595 1322 1669 1376 opes.

1074 1396 1139 1451 Vita
1157 1395 1288 1465 &juncto
1302 1397 1460 1465 priscorum
1477 1408 1552 1447 mors
1567 1398 1723 1462 porcinum,

1108 1482 1173 1538 Viso
1191 1482 1253 1538 Deo
1272 1483 1360 1547 cessit
1377 1496 1480 1551 eorpus
1497 1484 1524 1535 ct
1541 1493 1605 1533 osso
1621 1478 1690 1533 solo.

1246 1741 1406 1808 Iacobus
1437 1742 1655 1805 Lersnerus.

707 1909 750 1975 Et
769 1909 818 1974 hic
829 1906 1062 1990 Marpurgensis
1084 1923 1207 1987 quoque
1227 1906 1310 1970 inter
1326 1904 1571 1986 Marpurgenses
1591 1900 1738 1967 excelluit
1758 1918 1839 1967 unus
1861 1920 1879 1967 e
1899 1903 2015 1985 multis,
2037 1904 2135 1969 civilis
2153 1905 2326 1987 sapientiae

583 2009 760 2091 consultus,
788 2026 882 2090 quam
911 2007 1006 2072 etiam
1025 2004 1098 2070 viva
1125 2022 1200 2069 voce
1222 2005 1255 2069 in
1275 2005 1334 2071 hac
1353 2004 1523 2070 Academia
1542 2002 1740 2084 propagavit.
1789 2002 1929 2084 Ideoque
1955 2003 2063 2085 hisque
2091 2005 2257 2085 praesidiis
2279 2006 2326 2070 irr-

583 2109 733 2175 structior
752 2125 834 2173 anno
856 2104 1031 2187 MDLV11)
1053 2103 1218 2184 dignitatis
1239 2122 1407 2186 supremae
1427 2104 1460 2168 in
1483 2107 1617 2183 utroque
1634 2102 1705 2184 jure
1727 2102 1808 2181 cepit
1828 2101 1965 2183 inSIgnIa
1988 2103 2195 2169 distribuente
2210 2103 2326 2169 Olden-

583 2208 691 2289 dorpio
712 2213 745 2271 et
764 2206 907 2287 Principe
927 2204 997 2286 ipso
1017 2202 1190 2267 Hessorum
1210 2208 1387 2284 praesente,
1407 2202 1461 2284 qui
1481 2202 1515 2267 id
1537 2207 1610 2284 post
1629 2200 1766 2265 reditum
1786 2218 1804 2263 e
1823 2200 1968 2266 custodia
1988 2203 2131 2268 Caesaris
2148 2202 2326 2269 Consiliarii

582 2307 632 2370 sni
652 2305 783 2370 dederat
805 2304 940 2383 honoris,
958 2307 996 2368 ut
1012 2302 1086 2366 huic
1106 2302 1337 2366 renunciationi
1363 2302 1496 2383 ipsemet
1517 2301 1685 2365 interesset
1704 2299 1921 2382 hominemque
1948 2304 2059 2383 torque
2078 2320 2175 2368 aureo
2198 2304 2326 2370 virtutis

581 2422 655 2484 ergo
677 2403 815 2469 donaret.
864 2403 957 2467 Vices
991 2416 1116 2483 quoque
1144 2398 1328 2466 Cancellarii
1356 2398 1500 2465 defuncto
1528 2398 1673 2465 Ferrario
1701 2400 1734 2463 in
1765 2398 1824 2464 hac
1853 2401 1964 2465 eadem
1986 2401 2156 2467 Academia
2183 2407 2216 2467 et
2243 2421 2325 2469 anno

580 2500 759 2568 Mnnxxv
793 2520 850 2585 pro
877 2505 996 2583 agnato
1020 2499 1200 2565 Hermanno
1221 2500 1393 2580 heremaro,
1423 2515 1494 2563 oum
1522 2499 1549 2564 is
1582 2498 1724 2564 comitiis
1753 2498 1923 2565 interesset
1948 2502 2231 2583 Ratisponensibus
2249 2504 2325 2569 Pro-

579 2605 773 2667 rectoratum
790 2600 949 2666 sustinuit.
992 2600 1125 2664 Demum
1144 2615 1228 2663 anno
1241 2598 1441 2663 lsslLlIXIX
1457 2598 1564 2664 Martii
1586 2598 1697 2680 quinto
1719 2598 1842 2681 placide
1858 2601 2022 2682 expiravit,
2043 2601 2092 2666 vir
2106 2602 2324 2684 amplissimus,

579 2701 633 2782 qui
653 2717 782 2782 operam
804 2697 933 2781 Reipub.
962 2704 996 2764 et
1021 2697 1161 2764 docendo
1188 2701 1221 2761 et
1243 2696 1377 2763 dicundo
1395 2698 1467 2780 jure
1496 2703 1668 2764 novaverat
1691 2698 1798 2765 utilem
1819 2716 1857 2765 ac
1884 2699 2008 2766 fidelem
2032 2719 2095 2766 non
2116 2702 2217 2783 maglo
2233 2703 2325 2785 juris,

579 2818 673 2882 quam
696 2798 841 2881 justitiae
868 2802 901 2864 et
929 2797 1098 2881 aequitatIs
1126 2795 1286 2862 mnsudhrs
1317 2796 1427 2863 relicto
1455 2796 1489 2862 P.
1512 2796 1546 2862 Ρ.
1571 2798 1663 2878 jussu
1691 2798 1797 2864 XXIII
1825 2798 1933 2865 Martii
1960 2800 2141 2866 Hermanno
2169 2802 2324 2867 Lersnero

578 2899 607 2964 J.
629 2898 665 2963 U.
690 2899 728 2963 Ι).
749 2903 868 2981 agnato
890 2914 1077 2965 successore.
1120 2895 1265 2977 Nigidius
1287 2895 1385 2976 igitur

1067 2996 1108 3049 Tu
1125 3009 1233 3064 quoque
1244 2994 1432 3062 Lersucrw)
1450 2994 1555 3049 soboles
1570 2996 1725 3051 clarissimo
1742 2998 1839 3066 pectis,

1098 3081 1192 3135 Morte
1210 3079 1296 3145 cudis,
1310 3080 1404 3149 patrii
1419 3079 1512 3148 plocio
1531 3087 1635 3148 quantu
1652 3083 1712 3136 soli.

1066 3166 1101 3219 Te
1118 3167 1215 3219 merito
1229 3166 1304 3233 satr's
1321 3166 1459 3218 subtatum
1478 3166 1575 3219 Iacche
1593 3165 1714 3222 dolemus
1726 3171 1760 3232 ⁸l‚

1096 3252 1230 3305 Manilius
1249 3257 1276 3304 ct
1288 3250 1408 3317 ferimus
1425 3250 1516 3304 debila
1530 3251 1611 3317 justo
1630 3255 1691 3306 turs.

1062 3338 1116 3391 Jus
1133 3353 1242 3391 socmm
1261 3353 1274 3390 e
1291 3343 1388 3391 nostra
1413 3335 1565 3404 docuc'sti‘)
1591 3354 1674 3407 saepe
1699 3338 1837 3403 comeare,

1097 3422 1172 3475 Dum
1189 3424 1314 3477 mumma
1331 3423 1416 3477 robur
1427 3422 1513 3491 fiuvro
1524 3421 1642 3489 juventa
1661 3422 1750 3477 dedit.-

1064 3506 1153 3561 Huud
1170 3508 1252 3561 aliter
1268 3508 1355 3561 coluit
1375 3514 1400 3561 te
1421 3508 1557 3577 Princeps
1571 3507 1635 3562 iude
1651 3510 1804 3579 Philippus

1098 3594 1232 3649 Eximius
1249 3594 1312 3648 belli
1329 3593 1420 3648 cultor
1438 3600 1464 3648 et
1478 3594 1526 3648 ills
1542 3600 1627 3665 lopas.

1064 3680 1094 3733 lc
1112 3679 1162 3733 uos
1179 3680 1299 3733 Docton'
1315 3684 1445 3749 arctatus
1461 3696 1578 3748 nomque
1597 3687 1688 3734 orosto

1096 3765 1235 3834 Imposuit
1252 3764 1323 3819 eollo
1343 3763 1489 3833 splendida
1508 3764 1583 3818 douo
1604 3771 1658 3819 tuo.

1063 3851 1171 3905 Extitit
1187 3866 1220 3904 eu
1240 3857 1350 3919 torques
1368 3851 1468 3920 obryzo
1482 3849 1589 3918 flexilis
1607 3866 1684 3915 aravo,

1100 3935 1183 4003 Queru
1201 3936 1252 3990 uhi
1271 3942 1326 3989 tum
1347 3936 1482 4003 Princeps
1498 3941 1588 3988 motus
1610 3951 1702 3987 amors
1720 3936 1801 3990 dedit.

1063 4019 1130 4073 Nou
1148 4026 1244 4074 umere
1261 4019 1292 4073 id
1300 4020 1411 4087 factum
1424 4026 1475 4073 cst:
1494 4020 1570 4074 illius
1582 4036 1698 4089 urumque
1708 4022 1836 4090 fauorem

1099 4106 1234 4175 &patum
1253 4107 1333 4159 toties
1351 4113 1376 4159 tc
1394 4107 1524 4159 meruisse
1543 4106 1634 4173 liquet.

1066 4190 1107 4244 Tu
1122 4192 1253 4261 populos,
1271 4192 1358 4261 Rupes
1376 4190 1474 4244 adiisti
1490 4197 1515 4243 st
1532 4206 1614 4259 saepe
1633 4190 1802 4247 Mnesarchus

1097 4276 1250 4346 Perpessus
1265 4277 1377 4342 niuibus,
1391 4276 1511 4345 flammo
1523 4277 1546 4341 ⁸)
1563 4291 1654 4341 sacco,
1670 4277 1741 4346 palu.

1062 4361 1232 4431 Exposuistu'
1249 4363 1331 4416 stium
1348 4362 1456 4431 mapnis
1472 4366 1497 4414 te
1516 4377 1598 4430 saepe
1612 4362 1734 4431 pertalis,

1096 4447 1171 4501 Mon
1186 4448 1300 4517 patrios
1316 4448 1441 4514 inservis,
1457 4447 1531 4501 clare
1549 4448 1660 4513 Jacobs,
1680 4453 1749 4501 tuoe.

1066 4532 1174 4603 ῥυὲν)
1192 4534 1274 4588 etium
1291 4540 1403 4588 cossus
1426 4532 1670 4588 l'icsouucalloru'us
1686 4532 1759 4587 idem

1096 4618 1223 4674 Functus
1241 4635 1269 4674 cs
1287 4618 1381 4688 officio
1400 4620 1505 4674 Martis
1522 4620 1552 4674 u'u
1569 4618 1635 4673 urbo
1652 4619 1766 4674 scholas.

1065 4702 1191 4760 Orcadas
1208 4704 1303 4760 Itidem
1322 4702 1461 4759 LudooIoi
1478 4705 1622 4774 Priccr'pr's
1639 4706 1733 4759 aulum

1096 4790 1220 4859 Eloquio
1234 4791 1345 4860 pariter
1361 4790 1537 4858 corariltiaqus
1552 4797 1659 4860 potens.

1070 4876 1135 4928 l'u'cc
1154 4877 1257 4930 Jacobs
1274 4876 1323 4929 diu
1340 4876 1421 4929 rutili
1439 4892 1509 4929 nunc
1527 4877 1619 4930 incolo
1637 4876 1712 4940 coeli,

1099 4961 1212 5028 Nosque
1231 4961 1408 5028 semcturos’)
1426 4976 1491 5013 uroae
1511 4968 1559 5015 hvic
1576 4962 1643 5029 salo
1663 4977 1748 5014 corcus.

680 5114 708 5178 l)
727 5111 806 5165 Anno
825 5109 947 5164 MDLIII
965 5110 1018 5165 hoc
1044 5110 1144 5165 lactum
1164 5126 1237 5180 esse,
1263 5111 1417 5165 Striedcrus
1437 5111 1489 5165 VII
1506 5128 1531 5181 p.
1550 5114 1599 5166 503
1624 5128 1685 5165 cum
1704 5112 1775 5166 Albo
1794 5112 1878 5167 Acad.
1897 5114 2067 5170 consentiens
2084 5116 2174 5184 tradit,
2200 5116 2227 5170 id
2247 5116 2318 5183 quod

575 5194 750 5252 confirmetur
766 5197 835 5265 lpsIs
852 5194 964 5250 Dilichii
982 5196 1078 5264 verbis,
1099 5214 1159 5251 cum
1177 5196 1321 5266 Philippus
1341 5197 1371 5250 h.
1392 5212 1415 5251 a.
1434 5196 1542 5251 MDLII
1559 5212 1574 5252 e
1592 5198 1716 5253 custodita
1734 5198 1762 5252 in
1783 5198 1899 5266 patulam
1917 5199 2036 5255 redierit.

678 5282 708 5350 2)
728 5282 792 5336 cod.
813 5283 954 5336 Lersuers.
988 5280 1078 5349 Nigid.
1097 5283 1257 5337 Lersuerae.

678 5367 707 5434 3)
725 5365 814 5421 Locus
831 5366 963 5434 imaginis.
1061 5369 1092 5435 4)
1108 5368 1153 5423 Sic
1172 5367 1275 5435 Nigid.;
1301 5369 1359 5425 cod.
1380 5371 1511 5426 docuisse.

677 5452 707 5520 h)
725 5451 770 5506 Sic
788 5451 857 5517 Dil.;
874 5451 947 5519 apud
966 5452 1104 5521 NIgidium
1122 5459 1210 5508 exstat
1221 5454 1347 5521 flaccius

678 5537 707 5604 6)
727 5536 790 5592 cod.
808 5552 893 5607 quera.
999 5539 1028 5604 7)
1047 5538 1111 5593 cod.
1131 5546 1281 5595 secutum.
