5534 6984
2116 837 2162 908 bb

1025 1025 1191 1094 sosares
1223 1025 1502 1107 Oldendorpins
1517 1027 1554 1104 Ι),

501 1187 674 1272 Hambnrpi
695 1193 790 1256 natas
813 1187 973 1254 Saxonum
991 1185 1067 1254 urbe
1088 1185 1188 1255 libera
1207 1187 1291 1256 inter
1313 1185 1531 1258 celeberrimos
1553 1189 1619 1252 tuns
1639 1185 1687 1253 sni
1710 1185 1815 1267 seculi,
1837 1195 1903 1258 tum
1924 1207 1999 1254 vero
2022 1189 2164 1276 inprimis

416 1292 515 1357 totius
538 1287 726 1356 Germaniae
746 1287 822 1354 Iure
849 1283 1009 1352 consultos
1035 1303 1230 1370 nequaquam
1251 1293 1442 1374 postremus.
1491 1282 1552 1350 Hic
1569 1302 1650 1368 puer
1669 1283 1776 1352 indole
1797 1285 1876 1352 adeo
1896 1287 1958 1354 init
1984 1289 2107 1370 eximia,
2130 1295 2165 1356 et

417 1395 550 1456 naturae
570 1387 752 1456 muneribus
776 1385 817 1454 ad
833 1383 916 1468 ijs
935 1383 1039 1454 studia
1060 1385 1107 1451 ila
1128 1385 1256 1468 habilis,
1277 1393 1314 1454 ut
1335 1404 1398 1454 non
1419 1388 1530 1465 natus,
1559 1381 1616 1448 aed
1636 1381 1678 1450 ab
1696 1383 1766 1465 ipso
1786 1385 1855 1454 Deo
1876 1387 1919 1454 ad
1940 1389 2050 1460 cadem
2071 1385 2164 1458 fictus

417 1507 487 1555 esse
507 1487 678 1554 videretur.
721 1485 857 1566 Ideoque
876 1483 987 1567 primis
1006 1483 1173 1552 literarum
1193 1485 1377 1552 rudimentis
1398 1485 1431 1552 in
1451 1483 1557 1570 patria
1576 1481 1688 1566 positis
1710 1484 1745 1553 in
1766 1483 1886 1554 artium
1906 1485 1971 1556 iere
1992 1487 2164 1574 disciplinis

417 1588 535 1654 omneis
563 1585 659 1652 enimi
687 1585 769 1650 sires
797 1581 977 1666 proludio)
1005 1589 1105 1668 atque
1132 1585 1266 1670 ingenii,
1295 1583 1440 1653 avunculi
1472 1582 1639 1667 praecipue
1667 1581 1791 1650 Alberti
1818 1581 1939 1650 Grandi
1952 1586 1981 1668 ³)
2012 1585 2164 1654 Historici

417 1687 581 1754 clarissimi
600 1683 789 1750 liberalitate
811 1681 947 1765 adjutus,
969 1683 1022 1764 qni
1043 1702 1113 1752 mm
1136 1685 1169 1754 in
1192 1703 1256 1752 rens
1278 1684 1435 1765 impensas
1457 1683 1532 1764 egit.
1582 1683 1715 1748 Praeter
1736 1688 1864 1748 caetera
1890 1689 1998 1750 antem
2018 1686 2051 1751 in
2073 1685 2164 1752 Colc-

417 1786 517 1852 niensi
539 1783 700 1866 gymnasio
719 1787 866 1848 versatus
889 1783 1000 1864 maiori
1021 1799 1118 1866 opera
1136 1801 1170 1850 se
1191 1783 1232 1850 ad
1253 1781 1461 1862 audiendum,
1481 1780 1667 1864 legendum,
1689 1781 1951 1865 scribendumque
1973 1783 2109 1866 dedidit,
2131 1785 2164 1850 in

418 1889 731 1969 praeceptorumque,
760 1899 841 1964 qnos
861 1880 963 1947 isthac
989 1869 1035 1946 in'
1048 1882 1218 1949 AcademIa
1244 1882 1356 1948 habuit
1384 1879 1627 1961 eruditissimos,
1646 1881 1781 1947 incurrit
1803 1881 1956 1964 vestigia,
1977 1883 2010 1948 in
2028 1883 2108 1965 J'nris
2130 1889 2166 1950 et

418 1983 612 2068 eloquentiae
638 1981 750 2048 studiis
772 1981 856 2046 vitae
881 1979 973 2062 quasi
999 1981 1239 2048 tabernaculum
1267 1981 1431 2048 collocans.
1480 1981 1584 2063 Atque
1613 1981 1659 2046 sie
1686 1981 1812 2062 quidem
1837 1999 1858 2046 e
1882 1981 2056 2049 domestica
2075 1999 2165 2052 sass-

419 2083 568 2150 citationa
589 2091 623 2148 et
643 2081 806 2147 umbratili
824 2079 959 2146 medium
979 2081 1012 2146 in
1031 2098 1155 2163 agmen,
1174 2085 1280 2147 castra
1302 2085 1398 2162 atque
1418 2080 1518 2146 aciem
1530 2078 1687 2144 forensem
1702 2097 1893 2162 progressus
1913 2085 1947 2146 et
1966 2081 2000 2146 in
2020 2081 2165 2148 doctIssi·

418 2199 538 2246 morum
551 2197 749 2262 quorumque
763 2179 922 2244 hominum
933 2179 1030 2244 ocnbs
1044 2181 1235 2246 constItutus
1250 2178 1529 2262 Gryphisnaldine,
1544 2196 1627 2261 quae
1638 2178 1846 2246 Pomeraniae
1856 2180 1978 2245 Ducum
1994 2181 2167 2245 Academia

418 2285 475 2362 est,
496 2277 626 2344 honoris
645 2279 679 2344 in
697 2283 831 2360 utroque
849 2277 922 2360 jure
942 2278 1054 2344 summi
1076 2279 1160 2363 cepit
1179 2278 1323 2360 iusignia.
1366 2278 1478 2362 Neque
1496 2275 1593 2344 multo
1612 2282 1694 2360 post,
1715 2295 1811 2360 quum
1832 2283 1957 2344 mntem
1975 2280 2039 2344 sim
2061 2297 2166 2346 rernm

418 2378 689 2462 cognitionemque
710 2394 782 2444 cnm
810 2377 892 2460 ejus,
921 2378 977 2460 qni
1007 2379 1136 2448 consilio
1158 2383 1193 2445 et
1212 2378 1355 2448 oratione
1375 2378 1410 2445 in
1436 2377 1566 2445 cimiate
1594 2377 1696 2459 rdet,
1722 2378 1854 2444 selentia
1881 2382 1915 2444 et
1941 2378 2165 2444 exercitatione

418 2477 584 2557 sociasset,
607 2475 735 2558 Syndici
760 2493 873 2542 manns
900 2478 985 2558 apud
1010 2477 1251 2544 RostocbIenses
1273 2478 1384 2544 munit.
1436 2477 1541 2559 Atque
1558 2477 1605 2544 sic
1624 2477 1656 2542 in
1678 2477 1820 2542 maxImIs
1840 2477 1960 2544 causas
1982 2477 2109 2544 consilio
2131 2484 2165 2544 et

418 2577 526 2660 lingua
547 2576 691 2658 prInceps
713 2573 816 2640 factm
839 2573 985 2642 Coloniae
1004 2577 1139 2659 primoum
1166 2582 1200 2642 et
1220 2575 1387 2658 iterpurgi
1406 2581 1518 2657 postea
1535 2575 1587 2658 jus
1607 2577 1710 2658 ipsam
1736 2575 1828 2642 daile
1848 2594 1907 2657 per
1928 2575 2044 2642 maltos
2064 2593 2165 2643 annas

418 2696 482 2744 non
504 2677 571 2742 sine
590 2691 713 2740 summa
734 2673 912 2756 doctrinae,
937 2673 1024 2756 fidei,
1052 2675 1225 2742 industriae
1255 2681 1290 2742 et
1318 2677 1492 2758 sapientiae
1520 2675 1615 2741 lande
1642 2675 1755 2742 docuIt.
1808 2675 2058 2760 [Jnrcconaultns
2081 2677 2165 2742 acria

414 2777 526 2860 judicii
547 2779 581 2840 et
601 2775 633 2840 in
653 2773 744 2857 praxi
765 2773 963 2840 dexteritatis
986 2775 1167 2858 singularis,
1189 2775 1294 2859 quiin
1313 2775 1384 2860 jure
1404 2772 1557 2840 tradendo
1577 2774 1654 2857 quid
1674 2773 1873 2858 desiderarit,
1894 2774 1968 2843 hinc
1988 2773 2165 2857 colligatur,

419 2893 490 2942 cnm
511 2873 659 2956 expoliri,
679 2873 796 2954 iuquit,
817 2871 934 2940 debent
952 2875 1054 2941 solida
1074 2875 1233 2956 daciano,
1254 2892 1317 2944 non
1343 2873 1479 2942 distrahi
1502 2873 1758 2941 altercationibus
1780 2873 1932 2956 juvenum
1960 2872 2111 2959 ingenia]
2123 2875 2163 2955 ⁴).

420 2973 628 3055 caeteroquin
648 2971 854 3054 Marpnrgum
874 2975 962 3040 venit
982 2973 1058 3042 VIII
1079 2974 1159 3042 Iulii
1178 2992 1262 3042 anno
1282 2973 1403 3044 MDXL
1425 2972 1548 3040 liberali
1578 2978 1613 3041 et
1633 2973 1764 3039 honesto
1783 2973 1940 3056 stipendio
1959 2991 1999 3038 ex
2017 2971 2168 3058 Agrippi·

420 3073 510 3140 nensi
528 3071 696 3138 Academia
715 3070 819 3139 lstbnc
840 3079 998 3154 evocatas,
1019 3074 1215 3157 tandemque,
1233 3091 1330 3156 quum
1351 3072 1586 3154 annosviginti
1607 3077 1729 3154 septem
1747 3071 1812 3138 illic
1833 3089 1955 3139 summa
1975 3071 2165 3138 dexteritate

419 3171 578 3240 docuisset
599 3175 633 3238 et
653 3169 795 3236 infinitas
815 3169 984 3239 forensium
1005 3191 1109 3240 rerum
1128 3174 1218 3240 labor
1231 3174 1300 3258 ipso
1318 3173 1435 3240 aeteus
1446 3172 1530 3238 ilexn
1544 3177 1579 3238 ct
1591 3171 1752 3253 bonorum,
1771 3189 1861 3254 quoa,
1883 3172 1949 3237 aire
1962 3171 2164 3238 Rectoratum

419 3277 551 3356 spectes,
571 3288 664 3354 quern
689 3269 922 3338 administrarit
941 3278 1064 3356 qnater,
1086 3273 1152 3340 sive
1165 3273 1363 3354 Academiae,
1382 3290 1477 3354 quam
1499 3273 1526 3336 Is
1545 3271 1638 3337 annis
1657 3271 1835 3354 anndecim
1854 3271 1930 3353 egil,
1950 3287 2114 3337 censuram
2123 3271 2164 3354 ⁸),

419 3373 486 3438 sire
512 3369 647 3452 denique
674 3387 797 3436 summa
827 3371 957 3438 virtutis
987 3378 1020 3438 et
1046 3373 1209 3442 doctriuae
1237 3373 1393 3456 praemia,
1419 3389 1504 3453 quac
1532 3371 1643 3452 vigioti
1672 3371 1794 3436 dnobus
1818 3370 1901 3453 jnrr's
1920 3370 2109 3437 Doctoribns
2131 3375 2166 3438 et

419 3470 539 3538 dnobus
559 3468 742 3535 LicentIatis
773 3473 924 3553 tanquam
943 3471 1105 3538 Brabenta
1134 3471 1281 3554 contulit,
1311 3471 1477 3552 intuearis,
1506 3469 1605 3552 gessit
1624 3487 1756 3552 prorsus
1777 3468 2003 3552 amplissimus,
2030 3468 2166 3536 decursu

418 3569 624 3651 constitisset,
644 3567 731 3634 Iunii
750 3569 848 3635 tertio
867 3587 950 3634 anno
971 3569 1151 3637 MDLIIVII
1167 3575 1300 3636 mortens
1320 3569 1467 3636 ocenbnit
1480 3569 1512 3633 in
1526 3586 1648 3632 summo
1661 3568 1778 3650 templo
1799 3567 1987 3634 tumnlatns.
2031 3567 2166 3652 Scripsit

417 3675 526 3737 antem
553 3669 739 3735 Praebeom
765 3670 927 3734 maccam
945 3667 1131 3752 sareasiam
1162 3667 1443 3749 absolutissimam,
1471 3683 1534 3750 qna
1556 3683 1650 3732 seras
1677 3666 1869 3732 exercendae
1895 3667 2165 3750 jurisprudentiae

418 3787 493 3835 usas
513 3767 709 3848 ostenditur,
739 3767 876 3849 itemque
895 3767 993 3834 libros
1013 3768 1094 3836 alios
1114 3767 1155 3834 ed
1173 3767 1253 3854 J'nris
1275 3767 1373 3833 ciriIIs
1402 3767 1697 3850 interpretationem
1723 3784 1874 3850 perquam
1902 3767 2165 3848 accommodatos,

417 3869 563 3934 nimirum
584 3867 741 3954 Isapcqea
760 3887 817 3934 sea
829 3867 1052 3935 Eteaeataria
1066 3868 1164 3936 Jass‘e
1183 3867 1357 3948 maturatis,
1377 3869 1520 3952 pestium
1541 3873 1572 3933 et
1592 3867 1699 3932 cioitie
1717 3867 1751 3931 ln
1772 3866 1892 3949 aliquot
1913 3866 2026 3933 titulos
2046 3866 2164 3933 dans:

417 3965 575 4052 Decaioqs'
596 3987 653 4033 eea
675 3965 818 4034 Dioiaae
840 3967 970 4034 tabulae
989 3969 1246 4052 septicam:
1266 3969 1495 4050 Eepomtiomes
1513 3969 1552 4033 ia
1566 3967 1668 4054 besee
1681 3966 1763 4033 m
1778 3967 1980 4034 anaema:
1999 3968 2038 4033 ia
2049 3966 2166 4052 mess

417 4069 497 4152 Μ.
518 4067 558 4134 de
586 4067 709 4150 eripiare
728 4067 817 4148 iaris
844 4067 966 4135 aetolia
986 4067 1111 4135 scholiis
1132 4069 1216 4136 Zaaii
1240 4069 1377 4152 adjecta:
1406 4068 1509 4135 Locos
1535 4070 1697 4134 actioaam
1717 4069 1811 4152 jacie
1832 4069 1949 4134 Cicilia
1969 4085 2164 4132 mmmmm.-

417 4165 606 4233 Fomrsaiam
628 4165 739 4248 libelli,
759 4185 824 4249 per
851 4187 942 4250 pamm
963 4167 1071 4235 editur
1090 4171 1192 4236 actia·
1220 4167 1410 4234 Fosmsaiam
1428 4167 1673 4251 imomtiqaadae
1694 4168 1847 4248 aetioaie,
1861 4187 1926 4253 per
1947 4185 2045 4249 qaam
2064 4183 2165 4231 aomo

418 4267 552 4350 quisque
565 4267 625 4350 jas
649 4287 744 4332 mam
763 4267 943 4350 injudicio
960 4275 1190 4352 persequatur,
1217 4287 1288 4334 cara
1309 4267 1538 4334 deliberatione
1560 4266 1656 4349 aequi
1677 4273 1707 4333 et
1729 4265 1820 4332 bosi.-
1848 4265 1902 4332 De
1915 4263 2165 4349 probationibus

418 4365 576 4432 dictorem
590 4365 819 4450 factoremque
852 4367 942 4450 apad
964 4367 1109 4450 jadicem
1137 4369 1369 4451 praetereatis:
1404 4367 1654 4435 Aamotatioaem
1681 4366 1721 4434 de
1752 4365 1935 4432 nominibus
1962 4364 2165 4448 quaeadm

418 4464 654 4548 Imperatorum
683 4471 714 4532 ct
739 4464 1070 4534 Jariscoasaitomm:
1107 4465 1160 4534 De
1188 4467 1321 4534 testibrsa
1351 4465 1483 4532 libram:
1524 4464 1764 4548 Usaeapiomam
1800 4485 1839 4531 ac
1867 4466 2166 4547 praescriptionum

421 4571 562 4646 tempora
590 4583 630 4630 ee
650 4565 729 4648 jare
758 4563 859 4632 Oiosii
885 4564 927 4632 ed
955 4566 1203 4632 conservandam
1232 4567 1370 4634 omnium
1399 4583 1506 4632 rernm
1538 4565 1800 4648 oportunitatem:
1832 4563 1886 4632 De
1900 4565 1981 4647 jare
2002 4563 2166 4651 macalati

525 4745 554 4814 1)
570 4745 612 4800 Ite
628 4745 815 4816 metendos-pin
833 4747 893 4804 leto
909 4747 1052 4818 praeclare
1071 4749 1107 4806 et.
1126 4749 1242 4806 maxime
1259 4749 1360 4806 IIsller
1377 4747 1500 4804 cimbris
1515 4748 1637 4806 linem
1653 4748 1684 4806 Τ.
1701 4747 1753 4815 III,
1771 4764 1799 4818 p.
1808 4751 1861 4806 ⁵18
1871 4763 1932 4817 sqq.
1962 4747 1993 4804 c.
2004 4748 2040 4806 Δ,
2050 4745 2168 4808 ntia

420 4830 534 4900 praefat
559 4829 593 4886 de
616 4831 673 4888 sits
699 4831 888 4906 OldendorpiI,
913 4850 995 4904 qasss
1015 4851 1103 4894 norae
1125 4835 1254 4906 Iasqaqea
1273 4837 1344 4903 iaris
1366 4843 1456 4893 astar.
1484 4834 1520 4892 es
1540 4833 1589 4891 illo
1613 4835 1786 4904 conscriptae
1810 4833 1926 4894 cditinni
1950 4833 2061 4904 (VIsns.
2083 4831 2171 4903 tros>

420 4915 575 4986 praemisit;
593 4917 692 4985 qnibns
708 4933 774 4974 nans
793 4925 836 4974 est
853 4919 1006 4976 Striederas
1025 4935 1095 4976 nora
1112 4919 1222 4992 diens,
1241 4936 1348 4976 errores
1366 4921 1513 4989 corrigens
1548 4919 1731 4976 Accesserant
1747 4925 1842 4976 noema
1858 4925 1949 4974 aetate
1966 4917 2163 4973 luculentiores

419 5009 507 5060 testes
520 5001 632 5058 Krsbbs
650 5001 695 5058 die
712 5003 837 5062 Univers.
855 5005 975 5062 Rastock
992 5007 1030 5061 isa
1055 5009 1095 5062 lb.
1115 5025 1139 5062 u.
1164 5011 1203 5064 16.
1222 5008 1319 5062 Jahrb.
1338 5008 1358 5062 I.
1377 5023 1406 5076 p.
1421 5007 1474 5060 dit
1491 5022 1550 5076 sqq.
1568 5009 1621 5062 dod
1637 5021 1697 5076 sqq.
1732 5007 1903 5076 xorem
1920 5003 2019 5062 (imb-
2037 5003 2065 5061 ἃ.
2083 5001 2164 5060 Unir.

421 5088 590 5145 Greiisasld.
609 5087 630 5144 1.
649 5105 676 5157 p.
697 5092 746 5144 172
764 5105 803 5158 sq.

521 5175 552 5244 2)
568 5173 660 5244 Imago
679 5173 865 5245 Oldendorpii.

522 5263 552 5329 3)
570 5261 603 5315 V.
622 5259 752 5315 ammenti
768 5261 794 5316 h.
811 5261 828 5316 l.
847 5261 901 5318 Dii.
922 5264 1018 5320 iterum
1038 5271 1135 5334 postea
1153 5265 1264 5322 addidit.

521 5347 553 5414 ⁴)
571 5345 647 5413 Qun
665 5344 741 5402 mh
758 5345 926 5418 inclutum,
942 5350 996 5406 Dii.
1015 5351 1135 5421 nrsrqins
1156 5350 1296 5420 inscripsit
1311 5367 1345 5406 sa
1363 5349 1471 5405 Adsrno
1490 5349 1621 5404 dsannsla.

522 5435 552 5502 b)
571 5431 791 5501 Reformatorem
814 5431 979 5490 Academiae
1002 5435 1205 5506 Msrbnrqeaais
1234 5436 1400 5492 nominatum
1424 5451 1449 5490 a
1473 5433 1596 5488 suumn
1631 5441 1747 5490 ceantur
1770 5435 1871 5493 Atta·
1896 5437 1998 5503 Δηὼ
2026 5452 2051 5491 s.
2076 5451 2165 5504 sapas

419 5515 565 5572 &aarum
583 5515 670 5574 Catsl.
