5534 6984
606 862 675 930 100

603 1049 741 1117 erudiret
757 1048 972 1129 inventutem,
997 1043 1119 1108 evocari
1139 1059 1173 1107 se
1194 1057 1308 1123 passus
1331 1044 1391 1107 est.
1441 1039 1587 1106 Retinere
1611 1037 1789 1121 potuissent
1807 1037 2016 1106 Eriurdenses
2039 1040 2206 1107 abeuntem
2228 1038 2341 1119 exiguo

603 1148 775 1232 stipendio,
803 1145 858 1227 qui
877 1148 988 1225 postea
1009 1158 1124 1222 magno
1143 1147 1176 1206 et
1198 1139 1324 1222 quidem
1346 1140 1517 1222 eiusmodi,
1547 1138 1633 1219 quod
1660 1138 1786 1221 ipsimet
1810 1144 1951 1205 statuere
1978 1140 2118 1223 luberet,
2148 1138 2342 1205 revocandus

603 1255 681 1317 erat
722 1246 849 1313 licinus
869 1245 990 1309 interea
1009 1247 1042 1307 et
1060 1239 1285 1321 Megabaccbus
1306 1258 1375 1305 cnm
1388 1238 1516 1305 Eobano
1539 1244 1680 1320 egerant,
1704 1244 1741 1304 ιιι
1758 1238 1960 1322 Marpurgum
1979 1258 2013 1306 se
2029 1240 2182 1306 conterret
2200 1238 2342 1320 publicae

603 1347 726 1416 lectioni
747 1344 947 1427 praefuturus
969 1341 1125 1424 stipendio
1146 1358 1252 1406 annno
1273 1337 1325 1406 (lL
1345 1356 1529 1422 araneorum,
1557 1338 1612 1403 sed
1639 1356 1708 1405 cum
1729 1338 1909 1405 differretur
1928 1340 2083 1422 Principis
2104 1356 2287 1422 responsum
2307 1354 2343 1401 ae

603 1451 733 1532 putaret
758 1444 907 1510 Eobanus
934 1441 1124 1523 poenituisse
1150 1439 1325 1521 Principem
1352 1439 1539 1520 vocationis,
1564 1454 1670 1504 mense
1688 1437 1774 1522 Majo
1802 1457 1885 1505 anno
1904 1440 2105 1506 MDXXXIH
2133 1439 2342 1506 conditionem

604 1548 751 1615 Noricam
775 1559 886 1608 rursus
913 1540 1114 1606 commutavit
1139 1538 1339 1604 Erbrrdiaua.
1388 1538 1526 1621 ideoque
1554 1537 1626 1603 licet
1652 1543 1764 1620 postea
1795 1541 1890 1605 etiarn
1906 1537 2091 1623 ·l²rincipes,
2121 1539 2203 1605 alter
2229 1538 2342 1603 witte-

604 1641 749 1729 bergam,
771 1643 852 1710 alter
872 1640 1077 1722 Marpurgum
1097 1656 1168 1703 eum
1188 1637 1339 1702 deducere
1357 1642 1554 1719 satagerent,
1574 1643 1679 1703 tamen
1700 1639 1775 1719 quia
1792 1638 1858 1719 jam
1875 1645 2103 1723 praevenerant
2115 1639 2342 1719 Erfurdienses

605 1753 672 1814 tum
698 1745 824 1828 quidem
856 1741 1004 1823 temporis
1039 1737 1158 1803 frustra
1191 1737 1224 1802 id
1251 1736 1319 1801 init.
1372 1737 1491 1802 Verum
1527 1737 1608 1802 enim
1641 1756 1716 1803 vero
1750 1737 1824 1804 lieet
1853 1744 1918 1804 tem
1949 1739 2035 1821 apud
2065 1740 2211 1820 Noricos,
2247 1755 2343 1820 quam

604 1846 822 1913 Erfurdienses
844 1840 1003 1906 luculente
1022 1843 1056 1903 et
1073 1837 1234 1903 commoda
1257 1838 1334 1902 setis
1356 1854 1435 1902 usus
1456 1835 1646 1917 conditione,
1676 1843 1781 1902 tamen
1801 1841 1837 1903 ut
1856 1838 1908 1903 ille
1929 1837 2113 1905 Homericus
2134 1840 2195 1905 τόν
2216 1839 2344 1903 καπνὸν

606 1945 765 2028 πατρίδος
783 1946 876 2025 γαίας
902 1940 1009 2005 udere
1036 1937 1198 2018 exoptavit
1227 1937 1363 2018 saepius.
1412 1936 1525 2018 itaque
1553 1953 1647 2017 quum
1678 1952 1761 2001 anno
1783 1935 1978 2003 MDXXXVI
2005 1938 2147 2022 Philippo
2172 1939 2343 2006 Hessorum

603 2044 743 2125 Principi
760 2060 779 2107 e
798 2040 932 2107 Suaeviu
951 2036 1056 2105 reduci
1079 2036 1119 2102 de
1138 2034 1281 2103 hostibus
1302 2035 1366 2100 illic
1387 2033 1546 2119 oppressis
1567 2040 1600 2100 et
1619 2036 1793 2117 profligatis
1814 2038 1994 2119 gratulatus
2012 2044 2106 2121 esset,
2126 2039 2265 2122 ejusdem
2287 2057 2343 2120 per

604 2145 784 2214 Ferrarium
804 2140 905 2207 accitu
925 2139 958 2204 in
978 2136 1130 2219 patriam,
1159 2135 1243 2218 quod
1270 2140 1436 2217 optaverat
1465 2139 1538 2200 ante
1565 2135 1704 2217 saepius,
1733 2154 1767 2201 se
1798 2137 1909 2220 recipit
1932 2138 1998 2219 jam
2024 2137 2091 2204 iere
2120 2158 2231 2217 senex,
2259 2139 2343 2205 unde

605 2263 684 2330 puer
712 2240 881 2323 exieret¹).
934 2237 1142 2320 Caeteroquin
1169 2235 1333 2318 Marpurgi
1357 2235 1391 2300 in
1418 2232 1511 2301 Podsi
1539 2238 1573 2299 et
1601 2232 1740 2301 historiis
1771 2236 1968 2302 enucleandis
1999 2255 2125 2319 operam
2148 2239 2253 2321 posuit
2279 2256 2343 2304 non
2385 2268 2394 2288 ·

605 2346 708 2411 minus
737 2339 858 2407 dicendi
885 2338 1033 2405 ubertate
1061 2343 1094 2403 et
1122 2336 1228 2419 copia,
1257 2353 1352 2418 quam
1379 2351 1486 2400 rerum
1514 2332 1669 2417 ipsarum,
1701 2335 1880 2418 dequibus
1908 2336 2100 2420 disserebat,
2130 2340 2283 2404 venciate
2311 2345 2345 2405 et

606 2442 778 2525 elegantia,
801 2439 916 2506 nemini
935 2456 998 2504 non
1019 2443 1128 2520 gratim
1149 2442 1182 2501 et
1202 2440 1359 2517 acceptus,
1378 2438 1416 2500 ut
1436 2440 1605 2517 propterea
1624 2434 1754 2500 eundem
1773 2436 1832 2501 viri
1852 2441 1942 2502 extra
1963 2455 2086 2505 omnem
2106 2437 2224 2520 ingenii
2241 2437 2344 2504 aleam

605 2543 702 2629 positi
721 2547 754 2607 et
769 2540 877 2625 judicii
897 2539 1022 2605 omnino
1045 2536 1188 2603 acerrimi
1209 2542 1375 2616 posterum
1396 2534 1457 2600 isto
1479 2534 1604 2601 saeculo
1625 2535 1797 2618 principem
1819 2542 1851 2601 et
1871 2555 1977 2619 regem
1998 2538 2157 2619 appellare
2173 2538 2267 2604 veriti
2282 2556 2346 2602 non

608 2643 681 2711 sint.
723 2641 767 2706 Et
787 2645 872 2707 certe
892 2640 945 2723 qui
964 2638 1080 2719 ingenii
1101 2640 1303 2701 monumenta
1322 2652 1443 2700 summo
1462 2632 1569 2699 labore
1590 2639 1622 2699 et
1648 2635 1752 2701 studio
1773 2635 1935 2702 elaborate
1954 2636 2084 2718 legerit,
2109 2654 2231 2702 summa
2251 2654 2346 2718 quae·

606 2761 668 2828 que
689 2741 790 2808 eidem
811 2737 976 2805 tribuenda
994 2736 1099 2802 nullus
1120 2734 1290 2800 dubitabit.
1331 2733 1452 2800 insidet
1473 2734 1554 2799 enim
1577 2733 1686 2799 iisdem
1708 2736 1884 2801 venustatis
1905 2736 2046 2817 quidam,
2066 2755 2127 2802 non
2147 2736 2218 2802 fuco
2239 2735 2346 2818 illitus,

607 2845 664 2912 sed
684 2840 835 2923 sanguine
863 2838 955 2922 quasi
981 2836 1113 2903 diffusus
1138 2835 1238 2917 color;
1273 2833 1485 2915 orationisque
1513 2851 1614 2915 genus
1643 2834 1743 2916 ipsum
1767 2835 1893 2917 plenum
1920 2841 1987 2917 est,
2018 2840 2103 2903 teres
2130 2840 2164 2901 et
2191 2854 2253 2901 non
2281 2836 2347 2903 sine
2409 2914 2411 2917 ¹

608 2944 713 3011 nervis
738 2960 776 3007 ac
803 2938 933 3004 viribus.
980 2935 1106 3002 Eminet
1130 2938 1235 3001 autem
1260 2932 1426 3015 praecipue
1452 2933 1539 2999 inter
1565 2934 1705 3016 ejusdem
1730 2953 1826 3017 opere
1856 2936 1959 3001 instar
1983 2954 2123 3018 gemmae
2149 2936 2347 3003 Psalterium

608 3046 749 3111 camnine
769 3040 906 3123 clepiaco
927 3036 1103 3115 redditam,
1140 3034 1220 3116 quod
1249 3032 1400 3114 ejusmodi
1431 3038 1494 3114 est,
1526 3038 1562 3098 ut
1592 3035 1771 3117 argumenti
1798 3033 2000 3119 dignitate²)
2030 3036 2183 3118 percellat
2210 3037 2347 3103 animum

608 3143 713 3210 acrius
734 3144 768 3205 et
784 3142 915 3221 propter
933 3153 1078 3201 numeros
1098 3134 1195 3200 etiam
1216 3150 1286 3197 cum
1304 3130 1465 3196 suavitate
1486 3132 1519 3198 in
1541 3150 1649 3199 sensus
1670 3132 1780 3201 affluat
1800 3140 1834 3201 et
1854 3135 2006 3201 illabatur
2026 3135 2158 3202 dulcius.
2202 3135 2347 3203 Gmmme

608 3259 732 3326 quoque
753 3238 891 3319 elegiaco
915 3234 1055 3302 reddidit
1076 3234 1258 3301 Salomonis
1278 3230 1511 3312 Ecdesiastem
1537 3230 1774 3317 Proverbie³),
1809 3239 1844 3300 et
1872 3234 2100 3302 Bucolicorum
2125 3236 2251 3319 idyllia
2276 3235 2350 3302 iecit

610 3341 734 3409 XVII:
764 3338 924 3405 Heroides
952 3353 1092 3418 quoque,
1123 3332 1282 3415 Epiceclia
1313 3331 1491 3397 illustrium
1519 3338 1549 3399 et
1576 3332 1737 3399 clarorum
1762 3336 1920 3401 virorum:
1952 3336 2127 3420 Splearum
2153 3332 2253 3403 libros
2279 3335 2348 3402 IX:

615 3441 710 3509 Urbis
730 3438 928 3521 Noriberpue
951 3442 981 3502 et
1007 3436 1078 3518 ejus
1106 3432 1326 3515 spectabilium
1349 3431 1609 3515 descriptionem:
1636 3433 1882 3517 Expeditionem
1908 3435 2056 3519 Pbilippi
2082 3436 2286 3521 Laudpraeii
2312 3438 2348 3502 lu

609 3542 738 3609 Samos.
780 3535 958 3603 Transtulit
977 3539 1143 3618 praeterea
1156 3532 1284 3600 Oolutlri
1304 3532 1343 3599 cle
1356 3539 1455 3614 raptu
1466 3532 1610 3599 Helenae
1629 3540 1659 3600 et
1672 3535 1800 3616 judicio
1813 3536 1950 3603 Paridis
1965 3538 2166 3619 poematica:
2188 3537 2349 3618 Locosque

609 3640 745 3708 Homeri
766 3638 973 3721 iusipuiores‚
1002 3633 1156 3717 Clypeum
1182 3632 1341 3698 Acbille's:
1375 3631 1502 3698 Martis
1528 3638 1558 3698 el
1592 3632 1722 3701 Veneris
1751 3635 1963 3701 adulterium:
1998 3636 2127 3718 Εᾳιιιιιιι
2155 3637 2348 3718 Trojauum:

611 3741 733 3808 Hortos
752 3739 897 3804 Alcinoi:
927 3735 1116 3801 Tlaersitem:
1150 3729 1296 3815 Ulyssem
1321 3738 1352 3798 et
1372 3730 1572 3797 Menelaum:
1600 3732 1752 3817 Syrenas:
1777 3735 1877 3801 Atera:
1902 3735 2029 3802 latam:
2058 3735 2187 3819 Equum
2209 3736 2350 3803 Achillis

611 3828 812 3924 ejusdmnque
836 3837 965 3903 baalam
992 3839 1025 3900 et
1050 3832 1123 3898 aba.
1176 3831 1287 3898 Edidit
1316 3830 1488 3914 quinetiam
1513 3839 1689 3915 praecepta
1718 3833 1757 3900 de
1787 3836 2005 3901 eousmoauela
2035 3835 2117 3902 boue
2148 3836 2348 3904 valetudiue:

612 3941 802 4023 Elepiarum
822 3936 953 4003 librum:
984 3934 1147 4017 Hymnum
1169 3931 1372 4015 paschalem:
1398 3930 1532 3997 Homeri
1552 3931 1669 3999 iliada
1690 3933 1825 3999 ommino
1845 3932 1982 4001 reddidit
2002 3935 2115 4001 Latino
2135 3941 2167 4001 et
2189 3936 2350 4003 Tbeoeriti

613 4040 738 4123 Idpllia
758 4035 927 4103 XXXVI:
955 4033 1085 4116 Virpilii
1106 4036 1212 4097 autem
1232 4031 1371 4115 Eclopas
1391 4036 1421 4097 el
1437 4029 1595 4114 Georpica
1615 4032 1705 4097 auxit
1722 4031 1966 4100 Commentariis
1987 4039 2022 4099 et
2039 4034 2224 4101 illustravit:
2248 4038 2294 4101 uti
2316 4043 2349 4121 et

615 4140 770 4206 Tabulam
801 4137 941 4203 Joauuis
966 4133 1135 4199 Mumnelii
1170 4133 1210 4198 cle
1243 4133 1368 4197 ratione
1397 4130 1622 4213 facmrrclorum
1652 4152 1809 4201 ausuum.
1864 4133 1959 4200 lusto
1991 4151 2115 4216 quoque
2143 4134 2280 4201 Studaeo
2310 4138 2349 4201 de

613 4240 738 4321 nuptiis
758 4243 788 4304 et
807 4235 1006 4304 Declaratur
1024 4233 1200 4315 iusipuium
1219 4232 1395 4313 receptione
1416 4226 1710 4315 Epithalamico‘],
1731 4231 1778 4297 uti
1799 4232 1951 4314 inscribit,
1972 4233 2149 4314 gratulatus
2168 4239 2202 4300 et
2215 4235 2350 4301 Erasmi

615 4338 732 4403 Manes
753 4336 893 4418 epicedio
910 4337 1119 4417 prosequutus
1140 4338 1198 4396 est.
1240 4330 1360 4395 Extant
1379 4329 1511 4411 deniqne
1530 4329 1669 4410 ejusdem
1689 4330 1729 4399 de
1750 4332 1921 4415 Gymnasii
1944 4334 2119 4400 literatorii
2133 4333 2349 4412 Erfurdeusis

615 4437 712 4504 lamb
732 4442 765 4501 et
786 4435 1010 4517 &stolarum
1021 4432 1245 4515 familiarium
1266 4430 1319 4496 lib.
1341 4429 1429 4508 XII,
1458 4429 1716 4511 Hodoeporiaum
1734 4431 1860 4512 aliaque
1885 4432 1963 4498 adeo
1990 4433 2161 4500 innumere.
2211 4434 2350 4500 Tandem

615 4537 690 4603 tabe
712 4540 912 4617 consumptas
941 4538 1075 4598 mortem
1103 4531 1236 4614 oppetiit
1264 4548 1347 4595 anno
1369 4546 1463 4594 aerae
1490 4528 1691 4596 Christianae
1715 4530 1835 4597 MDiiL
1865 4533 1959 4597 tertio
1981 4532 2142 4598 Nonarum
2164 4533 2308 4599 Octobris
2318 4534 2351 4615 ⁸)

718 4707 747 4777 1)
761 4706 902 4761 Ferrarius
919 4704 989 4775 ipse,
1006 4703 1114 4774 quiper
1130 4703 1244 4758 alteram
1260 4717 1285 4758 a
1299 4704 1366 4757 1586
1373 4706 1479 4769 partem
1497 4708 1659 4759 rectoratnm
1678 4705 1773 4774 tenuit,
1790 4704 1861 4760 Albo
1877 4705 1995 4762 academ.
2012 4722 2073 4762 eum
2089 4707 2204 4776 primum
2216 4707 2354 4777 inscripsit

615 4799 658 4854 bis
675 4795 779 4852 verbis:
798 4792 899 4847 Helius
917 4792 1052 4847 Eobouus
1069 4791 1177 4845 Herem
1193 4790 1283 4845 Poeta
1300 4795 1327 4843 et
1343 4794 1441 4844 orator
1452 4789 1540 4857 focile
1552 4791 1696 4860 princeps,
1714 4793 1861 4847 lcietoriooe
1879 4792 1990 4849 lectioni
2003 4795 2175 4863 praefectam,
2199 4794 2298 4863 quibus
2317 4794 2352 4849 ab

616 4885 671 4939 alia
688 4897 770 4937 manu
787 4880 856 4935 haee
874 4877 968 4933 addita
984 4883 1060 4932 sunt:
1084 4878 1164 4931 Vertit
1181 4878 1366 4946 Marpurpum
1384 4892 1444 4929 eum
1461 4876 1553 4931 laberis
1571 4882 1597 4931 ct
1616 4892 1704 4931 uaeore
1723 4877 1853 4946 Septemb.
1873 4883 1895 4933 1.

715 4968 744 5036 2)
760 4966 814 5020 Dii.
831 4962 961 5020 mendose
976 4964 1086 5032 scripsit
1104 4962 1272 5033 dipuitatem.

719 5054 749 5122 3)
766 5053 952 5107 Εαοιιιίαιιιιι
969 5051 996 5104 in
1014 5051 1134 5118 margine
1153 5048 1257 5103 addidit
1272 5046 1341 5116 Dil,
1357 5055 1447 5115 recte,
1471 5046 1520 5103 sed
1537 5047 1690 5103 erarem
1708 5065 1726 5104 a
1741 5048 1856 5105 Simlero
1878 5050 1956 5119 (epit
1976 5049 2097 5106 biblioth.
2117 5053 2146 5107 C.
2165 5052 2291 5119 Gesneri]
2310 5050 2353 5105 vel

617 5138 764 5195 nolumus
782 5138 811 5192 in
829 5154 948 5193 errorem
966 5135 1093 5191 inductus
1112 5135 1226 5190 Eobsuo
1243 5134 1373 5189 tribuisse
1387 5134 1505 5205 videtur,
1530 5148 1610 5203 quum
1632 5135 1814 5193 Ecclesiastea
1838 5138 1872 5192 ab
1895 5154 1929 5197 eo
1952 5136 2075 5195 redditus
2099 5154 2154 5195 una
2171 5156 2232 5195 cum
2252 5138 2353 5193 Aloori

619 5226 719 5283 (lomes
736 5225 891 5280 Proverbiis
906 5223 1007 5277 Salem.
1024 5223 1142 5277 carmine
1158 5220 1273 5277 redditis
1293 5220 1419 5277 Basileae
1438 5238 1462 5276 a
1484 5221 1551 5277 15⁸8
1568 5220 1657 5278 editus
1676 5224 1720 5278 sit

717 5311 748 5379 4)
767 5310 832 5366 Cod.
851 5309 1059 5380 Epitlaiimieo.

717 5397 747 5466 b)
765 5398 826 5452 lloe
844 5396 887 5451 die
906 5397 923 5450 i.
942 5412 966 5450 e.
984 5397 1079 5463 quinto
1107 5410 1142 5449 m.
1166 5393 1226 5448 Oct
1250 5408 1313 5447 eum
1332 5398 1467 5447 mortuum
1489 5407 1549 5448 esse
1571 5392 1655 5447 tradit
1677 5392 1861 5461 Cmmarios,
1885 5408 1965 5462 quem
1990 5394 2115 5463 plertqm
2137 5398 2300 5461 sequentum
2327 5399 2355 5449 at

619 5484 760 5539 Ferrarius
769 5482 841 5538 Albo
860 5482 1016 5537 academico
1035 5480 1180 5549 inscripsit,
1200 5494 1260 5534 eum
1280 5478 1336 5532 llll
1354 5478 1448 5534 Nonas
1460 5479 1554 5534 Octob.
1574 5478 1644 5535 diem
1663 5494 1742 5535 suum
1760 5480 1859 5535 obiisse
1877 5484 1906 5535 et
1923 5486 2033 5549 postero
2051 5480 2096 5536 die
2113 5479 2141 5535 in
2156 5480 2354 5537 Geometerium
