5534 6984
1226 999 1460 1067 Hermaunus
1489 997 1723 1065 Kirehnerus

702 1156 878 1223 Hersteldia
898 1153 1062 1236 oriundus,
1094 1172 1187 1236 quum
1213 1155 1449 1221 humanioribus
1479 1154 1510 1221 in
1535 1156 1656 1220 artibus
1678 1159 1711 1220 ct
1732 1154 1895 1218 literarum
1918 1153 2073 1218 varietate
2095 1159 2238 1218 uersatus
2260 1157 2345 1217 esset

604 1260 736 1325 maxime
756 1261 790 1322 et
810 1273 918 1320 versus
945 1254 1143 1319 hexametros
1172 1254 1315 1335 aliosque
1342 1257 1438 1321 uariis
1467 1255 1567 1319 modis
1600 1262 1695 1337 atquc
1723 1255 1858 1318 numeris
1888 1251 2032 1317 funderet
2062 1269 2101 1317 ex
2129 1257 2283 1333 tempore,
2313 1253 2344 1318 id

603 1357 732 1439 meruit,
753 1362 788 1421 ut
809 1356 841 1419 in
863 1355 995 1419 comitiis
1016 1354 1292 1434 Ratisponensibus
1313 1372 1395 1419 anno
1416 1353 1579 1418 MDXCIV
1599 1352 1638 1417 ab
1660 1354 1850 1434 Imperatore
1869 1352 2097 1433 Angustissimo
2119 1352 2157 1416 D.
2178 1351 2343 1433 liudolpho

603 1460 672 1542 ejus
699 1456 833 1521 nominis
860 1455 892 1519 ΙΙ
920 1453 1028 1518 laurea
1057 1452 1236 1518 donaretur.
1285 1454 1391 1534 Atque
1417 1453 1489 1519 hinc
1517 1452 1558 1517 ad
1588 1454 1701 1517 Podsin
1734 1452 1949 1532 explicandam
1978 1458 2127 1516 evocatus
2155 1452 2216 1515 itt
2237 1451 2345 1516 Martii

604 1563 695 1623 entra
716 1556 856 1621 ordinem
879 1554 988 1617 docere
1007 1552 1147 1633 jubetur.
1189 1553 1233 1616 ht
1251 1570 1324 1618 vero
1346 1558 1456 1633 postea
1477 1570 1559 1617 anno
1580 1550 1682 1616 DOllI
1697 1551 1851 1632 Principis
1872 1552 1970 1632 ipsius
1992 1550 2185 1616 authoritate
2207 1558 2239 1615 et
2255 1552 2346 1631 jussu

604 1660 688 1723 inter
709 1655 883 1721 ordinarios
909 1654 975 1734 ejus
1005 1653 1063 1716 loci
1083 1650 1280 1716 Professores
1309 1652 1517 1730 constitutus,
1550 1669 1618 1716 cum
1641 1650 1733 1715 Poesi
1765 1651 1925 1732 conjunxit
1953 1650 2102 1715 historias
2134 1668 2248 1731 easque
2277 1652 2345 1731 pari

605 1775 701 1839 opera
722 1754 857 1820 tradidit
876 1752 998 1833 publice
1019 1752 1147 1831 Syndici
1168 1752 1262 1814 etiam
1283 1751 1470 1815 Academiae
1492 1751 1636 1831 partibus
1658 1751 1818 1830 susceptis.
1868 1751 2025 1815 Decanum
2048 1751 2114 1830 egit
2134 1768 2215 1814 anno
2236 1750 2345 1830 DCVl,

605 1875 666 1937 quo
693 1856 867 1920 orationem
893 1851 1005 1916 habuit
1035 1852 1074 1916 de
1100 1853 1207 1916 ruinis
1234 1858 1263 1916 et
1287 1851 1573 1931 Disputatioaidus
1589 1850 1617 1930 Ι)
1644 1852 1909 1928 Academiarum,
1940 1850 1988 1913 vir
2010 1856 2093 1914 certe
2121 1850 2204 1914 omni
2226 1850 2344 1913 liberali

605 1956 749 2021 doctrina
771 1970 920 2033 perquam
942 1950 1082 2015 excultus
1105 1956 1199 2031 atquo
1220 1950 1384 2031 expolitus,
1415 1950 1524 2031 Poeta,
1547 1951 1661 2015 Orator
1681 1955 1715 2014 et
1734 1949 1911 2014 Historicus
1930 1968 1992 2013 non
2015 1967 2093 2014 unus
2115 1967 2132 2013 e
2152 1949 2268 2019 multis.
2290 1948 2345 2013 sed

604 2056 708 2137 pontius
730 2055 812 2117 inter
831 2051 946 2115 multos
968 2068 1065 2131 prope
1087 2049 1270 2130 singularis,
1302 2050 1356 2130 qni
1376 2068 1437 2113 non
1465 2050 1564 2115 solum
1593 2051 1633 2114 de
1661 2050 1769 2130 qiroris
1798 2058 1982 2129 argumento
2013 2050 2114 2114 solute
2149 2053 2182 2113 ct
2207 2050 2345 2113 suaviter

606 2156 708 2219 dicere
728 2155 948 2229 consueuerat,
978 2150 1204 2213 verumetiam
1233 2149 1265 2212 id
1293 2148 1377 2229 quod
1410 2148 1511 2213 dicere
1532 2150 1754 2230 constituerat,
1784 2168 1877 2231 uoce,
1910 2149 1999 2213 uultu
2021 2155 2168 2230 motuque
2190 2149 2345 2214 efficiebat

605 2252 833 2337 quodammodo
856 2250 1018 2315 conditius.
1059 2250 1177 2313 Fuerat
1204 2254 1369 2329 praetcrea
1396 2250 1464 2313 viro
1493 2267 1607 2329 magua
1638 2251 1734 2314 civilis
1762 2250 1934 2329 sapientiae
1961 2246 2036 2331 et²)
2065 2248 2151 2313 Juris
2174 2250 2345 2330 Utriusque

606 2353 751 2435 cognitio,
772 2357 807 2416 ut
819 2355 984 2432 propterea
999 2354 1033 2412 ct
1044 2347 1299 2429 jurisperitorum
1312 2348 1472 2414 uideretur
1487 2350 1757 2429 eloquentissimus
1771 2356 1803 2413 et
1816 2350 2026 2429 eloquentium
2036 2350 2117 2431 juris
2132 2351 2345 2430 peritissimus.

606 2453 668 2519 Sed
689 2452 770 2517 enim
791 2455 828 2515 nt
847 2450 907 2513 hoc
935 2454 1067 2513 naturae
1093 2465 1208 2511 munos
1237 2448 1384 2528 quicquid
1413 2449 1507 2513 datur
1534 2450 1638 2528 nebia,
1670 2449 1822 2513 incertum
1851 2454 1900 2513 est
1927 2454 1958 2513 et
1980 2448 2109 2529 fragile,
2141 2450 2222 2514 adde
2251 2451 2346 2513 etiam

605 2551 775 2633 malignum
797 2550 943 2614 etbneue
964 2548 1070 2627 iulia,
1103 2547 1214 2627 quibus
1234 2547 1282 2612 vel
1305 2548 1479 2628 largissime
1505 2549 1653 2629 contigit,
1683 2549 1729 2612 ita
1757 2553 1790 2612 et
1810 2548 1881 2612 huic
1910 2548 2025 2612 accidit
2046 2548 2177 2630 homini,
2209 2555 2244 2614 ut
2264 2567 2345 2613 armo

605 2651 770 2717 MDCXIV
791 2647 996 2714 melancholia
1018 2646 1187 2711 conflictari
1207 2648 1371 2729 inciperet,
1396 2653 1428 2711 et
1449 2666 1518 2712 sese
1538 2648 1610 2713 hino
1630 2648 1803 2713 clanculum
1825 2647 1866 2711 ad
1886 2646 2013 2712 viduam
2027 2647 2202 2729 Principem
2223 2648 2346 2712 Henne-

605 2753 790 2832 bergensem
810 2749 1001 2831 proriperet,
1028 2764 1109 2827 qnae
1136 2748 1267 2810 eundem
1294 2748 1343 2811 sui
1370 2747 1513 2828 deinceps
1541 2748 1643 2813 mitius
1676 2753 1860 2828 compotem,
1892 2754 1928 2812 ut
1948 2753 1981 2811 et
2003 2748 2168 2813 Academia
2187 2766 2284 2829 usque
2305 2749 2346 2813 ad

607 2871 722 2917 annum
743 2848 877 2930 DCXX,
900 2866 960 2928 quo
980 2846 1110 2911 invisis
1131 2864 1198 2909 esse
1220 2846 1322 2926 desiit,
1343 2847 1429 2911 vovit
1450 2847 1572 2911 ommno
1592 2847 1817 2911 liberalissime.
1859 2846 2014 2927 Egregiae
2033 2849 2213 2912 cruditionis
2235 2850 2346 2913 eximia

607 2959 806 3017 monumenta
834 2948 913 3012 haec
938 2947 1078 3027 reliquit:
1116 2946 1284 3027 Lepediaco,
1323 2946 1598 3027 Jurccousultum,
1629 2947 1773 3030 Spstcuca
1803 2948 2057 3028 disputationum
2077 2949 2288 3029 politicarum
2315 2956 2347 3013 et

609 3056 769 3120 orationes
790 3050 925 3131 aliquam
945 3047 1059 3111 multas
1070 3044 1112 3127 θ).
1154 3045 1298 3124 Egliuns:

1092 3144 1240 3211 Grotioc⁴l
1255 3145 1398 3212 furcardae
1417 3146 1566 3199 Kirclune-ri
1585 3151 1611 3200 et
1629 3147 1711 3213 copia
1730 3146 1830 3199 Marsae

1128 3230 1201 3299 Quos
1218 3247 1274 3283 uon
1291 3233 1412 3285 attraxit
1430 3233 1516 3298 (licor
1533 3232 1637 3295 abesto)
1655 3231 1751 3285 uiros?

1091 3315 1226 3387 Spudicus
1242 3318 1292 3370 hoc
1309 3318 1387 3371 uultu
1401 3318 1469 3386 suit
1506 3318 1581 3371 Huic
1599 3324 1624 3371 ct
1641 3318 1800 3386 Jureperito

1124 3403 1262 3471 Imposuit
1280 3403 1389 3457 laurum
1410 3404 1536 3459 Caesarea
1555 3404 1619 3473 apsa
1638 3420 1742 3457 inaltus.

1252 3738 1469 3821 Rodolphus
1497 3739 1701 3805 Goclenins

1429 3845 1527 3900 Junior

708 3991 824 4071 Optimi
845 3995 878 4053 ct
899 3989 1071 4054 doctissimi
1092 3988 1194 4071 patris
1214 3988 1370 4069 Rodolphi
1394 3988 1532 4054 Goclanii
1554 3989 1692 4055 Sanioris
1714 3987 1841 4072 yup'owc
1868 3987 1949 4053 filins
1972 3989 2112 4054 nuscitur
2133 3989 2346 4071 Wittebergae

609 4109 690 4156 anuo
712 4088 902 4155 leLlClII.
946 4088 1006 4153 Sed
1028 4107 1121 4169 quum
1143 4090 1208 4152 acri
1230 4090 1307 4153 satis
1329 4095 1414 4154 essct
1436 4090 1576 4170 ingenio,
1599 4089 1743 4153 doctrina
1764 4088 1937 4153 liberaliter
1958 4089 1990 4153 in
2012 4089 2146 4153 Hassiae
2169 4090 2347 4171 Gymnasiis

610 4191 776 4256 institutus
804 4197 837 4254 et
867 4190 899 4253 in
928 4189 1043 4253 exteris
1065 4190 1159 4252 etiam
1180 4189 1356 4253 Academiis
1376 4189 1541 4254 llafniensi
1564 4189 1683 4253 Daniac
1703 4193 1735 4252 et
1755 4188 1907 4252 Patavina
1936 4188 2047 4253 Italiae
2074 4208 2178 4254 rerum
2208 4192 2345 4257 imbutus

609 4310 669 4356 usu
696 4290 825 4354 honoris
858 4289 890 4352 in
918 4293 988 4353 arte
1013 4287 1136 4352 Medica
1167 4288 1279 4352 sommi
1309 4289 1510 4370 consequitur
1538 4288 1672 4369 insignia
1700 4287 1775 4352 XIX
1794 4287 1869 4370 Maji
1899 4305 1979 4352 anno
2007 4288 2113 4353 MDCI
2143 4309 2237 4371 opera
2257 4292 2347 4357 Pauli

611 4390 736 4454 Cellarii
759 4396 908 4469 tanquam
930 4389 1108 4452 Brabeutae
1129 4388 1314 4469 interposita
1326 4390 1355 4470 ⁵)
1387 4396 1419 4453 et
1449 4387 1594 4468 Physices
1627 4390 1771 4469 suscepta
1799 4404 1873 4450 cura
1899 4387 1930 4451 in
1954 4388 2167 4454 Professorum
2196 4392 2347 4473 recipitur

609 4491 749 4555 ordinem
770 4508 852 4554 anno
866 4488 992 4553 DCIIX.
1036 4491 1078 4552 ut
1098 4488 1180 4552 enirn
1201 4487 1448 4570 quadriennio⁶)
1470 4494 1552 4570 post,
1572 4506 1667 4569 quum
1682 4486 1889 4551 Hoffmannus
1904 4486 2015 4551 denam
2035 4488 2218 4573 discederet,
2240 4509 2346 4559 curam

609 4593 642 4654 in
664 4589 904 4653 Mathematicus
926 4588 1106 4669 disciplinas
1127 4588 1296 4671 derivarit,
1328 4589 1421 4654 rebus
1446 4589 1501 4668 iis,
1533 4605 1615 4668 quac
1636 4588 1669 4650 in
1690 4585 1888 4667 philosophia
1906 4566 2074 4652 versantur
2096 4592 2233 4655 naturali
2256 4592 2347 4657 Com·

609 4690 718 4755 bachio
738 4689 863 4753 relictis.
905 4688 1044 4752 Tandem
1064 4686 1136 4771 11⁷)
1156 4687 1263 4754 Martii
1285 4707 1366 4755 auno
1382 4689 1515 4754 Dcxxl
1536 4706 1605 4753 curn
1627 4685 1782 4751 octiduum
1804 4684 1928 4751 ardenti
1943 4688 2140 4754 conflictatus
2155 4696 2241 4757 esset
2260 4691 2347 4775 febri,

715 4904 743 4973 l)
761 4904 806 4957 Sic
820 4903 874 4958 Dii.
891 4902 1008 4958 ridiculo
1028 4918 1119 4958 erroro
1136 4918 1186 4972 pro
1205 4903 1441 4972 dissipationibus.

713 4994 743 5059 2)
762 4989 905 5043 Kirchneri
923 4988 1020 5057 imago.

712 5078 742 5145 3)
759 5074 848 5130 Multo
866 5075 958 5143 plnres
975 5076 1149 5143 scriptorum,
1168 5074 1290 5144 inprimis
1308 5074 1477 5143 poeticorum
1493 5072 1568 5128 tituli
1585 5078 1694 5128 exstant
1711 5072 1784 5143 apud
1802 5071 1977 5129 Striederum.

712 5168 729 5217 4
762 5162 807 5216 Sic
826 5162 894 5224 Dil.;
912 5162 1083 5217 scribendum
1099 5161 1206 5216 ridetur
1225 5162 1333 5217 Gratia.

762 5249 868 5303 Artium
886 5247 1011 5316 Magistri
1028 5249 1158 5303 honorem
1175 5246 1290 5315 adeptus
1307 5253 1366 5302 erat
1383 5262 1406 5302 a
1427 5250 1492 5301 1591
1510 5245 1649 5303 Striedero
1667 5252 1745 5303 teate.

731 5168 742 5229 l

713 5250 743 5317 5)

713 5337 743 5403 6)
760 5337 850 5404 lmago
868 5334 1000 5389 Goclcnii.

714 5424 744 5489 7)
763 5421 885 5477 Eundem
903 5421 973 5475 diem
993 5421 1075 5476 habet
1091 5420 1235 5491 Pistorius,
1254 5419 1364 5473 tertium
1381 5418 1475 5475 Martii
1494 5419 1622 5476 Stricder.
