5534 6984
1177 1014 1472 1095 christophorus
1500 1014 1782 1082 Dcichmannus.

711 1148 880 1215 Steinhrrto
908 1146 1122 1228 westphaliae
1151 1148 1263 1230 oppido
1296 1166 1378 1212 anuo
1409 1146 1601 1214 MDLXXVI
1633 1156 1706 1231 post
1740 1156 1847 1216 natum
1877 1150 2048 1231 Christum,
2083 1158 2174 1233 patre
2204 1152 2343 1233 Rutgero

613 1251 734 1333 patriae
755 1253 904 1331 perpetuo
927 1247 1074 1319 Consule.
1104 1246 1254 1313 oriundus
1281 1248 1315 1312 in
1341 1246 1449 1312 schola
1475 1248 1581 1329 patria
1607 1248 1811 1315 fundamenta
1838 1250 2000 1315 literarum
2021 1250 2106 1330 fecit,
2139 1258 2171 1316 et
2198 1270 2291 1333 quum
2312 1253 2343 1316 in

613 1368 709 1431 puero
738 1349 864 1431 egregia
893 1352 1063 1429 appareret
1090 1346 1226 1426 indoles,
1260 1345 1421 1412 Coloniam
1448 1344 1602 1413 Ubiorum
1623 1349 1735 1414 mIssus
1759 1355 1824 1431 est,
1856 1354 1888 1414 et
1914 1351 1987 1416 inde
2018 1351 2257 1431 WIttehergam,
2292 1351 2343 1416 ubi

613 1467 730 1515 annum
754 1466 851 1514 unum
877 1452 972 1529 atque
1007 1445 1139 1510 alterum
1172 1445 1330 1526 substitit,
1365 1451 1477 1527 postea
1504 1447 1536 1510 in
1564 1446 1681 1513 vicinas
1710 1448 1898 1515 Germaniae
1925 1452 2083 1535 regiones,
2120 1451 2280 1516 Boe‘miam
2310 1457 2344 1516 ct

612 1550 816 1633 Marpurgum
835 1547 938 1611 ctiam.
981 1545 1072 1624 Quod
1091 1562 1160 1610 cum
1178 1544 1352 1610 studiorum
1365 1545 1446 1627 juris
1467 1545 1723 1626 perimendorum
1745 1565 1854 1613 caussa
1875 1548 1944 1615 aliis
1965 1550 2138 1632 praeferret
2160 1550 2344 1633 Academia,

612 1650 732 1731 aliquot
752 1664 849 1713 annos
872 1644 985 1711 ibidem
1004 1649 1053 1709 est
1073 1650 1297 1722 commoratus,
1330 1644 1429 1710 donec
1447 1644 1564 1726 Vulteji
1587 1646 1715 1710 consilio
1736 1647 1768 1713 iu
1791 1648 1924 1715 Galliam
1952 1656 2047 1731 atque
2068 1652 2139 1716 exin
2159 1652 2192 1715 in
2218 1650 2342 1717 ltaliam

612 1749 873 1831 proficisceretur,
904 1749 998 1825 atquc
1026 1744 1058 1808 ln
1087 1748 1219 1825 utraque
1241 1742 1462 1809 celebrioribus
1480 1742 1608 1811 urbibus
1628 1746 1768 1811 omnihus
1795 1750 1972 1829 peragratis
2002 1769 2072 1815 cum
2091 1750 2172 1831 juris
2194 1750 2343 1816 consultis

613 1848 681 1929 ejus
702 1845 849 1926 temporis
871 1843 997 1909 summis
1013 1848 1047 1907 et
1065 1842 1135 1908 aliis
1156 1842 1262 1925 magni
1282 1842 1414 1908 nominis
1428 1845 1502 1909 viris
1524 1845 1691 1910 amicitiam
1708 1847 1915 1929 contraheret,
1938 1868 1974 1914 eo
1986 1850 2088 1914 studIo
2102 1857 2134 1914 et
2146 1851 2344 1915 contentione

612 1949 645 2012 in
666 1945 782 2010 ardum
800 1943 943 2024 jurisque
956 1939 1125 2023 disciplinis
1141 1947 1296 2023 versatae,
1317 1947 1354 2007 ut
1373 1942 1484 2025 majori
1507 1961 1568 2009 non
1585 1946 1724 2025 potuerit
1738 1946 1909 2028 quisquam.
1951 1948 2084 2029 Ideoque
2099 1969 2192 2031 quum
2209 1970 2343 2031 cursum,

613 2064 706 2128 quem
737 2063 799 2109 non
832 2060 924 2107 coeca
952 2039 1093 2123 fortuna,
1125 2040 1182 2106 sed
1211 2041 1269 2106 Dei
1307 2042 1448 2123 inprimis
1480 2042 1693 2125 providentia,
1725 2052 1888 2127 parentum
1918 2064 1992 2112 cura
2029 2055 2061 2113 et
2092 2051 2344 2115 constantissima

611 2145 745 2211 bominis
774 2141 915 2207 voluntas
944 2140 1109 2221 dederant,
1138 2142 1327 2223 peregisset,
1355 2160 1407 2205 eos
1433 2141 1564 2208 honores
1593 2152 1802 2225 consequutus
1831 2152 1897 2229 est,
1931 2150 1986 2229 qui
2014 2168 2051 2213 ex
2080 2148 2139 2213 hoc
2168 2150 2342 2215 studiorum

612 2262 726 2327 genere
743 2241 853 2308 referri
872 2247 1005 2325 possunt
1025 2242 1150 2324 summi,
1168 2241 1269 2322 iisque
1284 2240 1385 2305 solent
1406 2258 1475 2306 esse
1494 2241 1543 2305 vel
1563 2242 1703 2323 inprimis
1719 2245 1855 2327 jucundi,
1878 2264 2011 2327 quorum
2026 2248 2170 2329 dignitati
2191 2248 2342 2315 laudatIs·

613 2347 760 2411 simorum
773 2344 911 2409 virorum
924 2359 1094 2407 consensus
1108 2340 1411 2420 testimonimum
1433 2340 1613 2405 beneficium
1634 2343 1810 2410 ambitionis
1833 2345 1930 2411 dedIt.
1973 2347 2103 2429 Collegii
2118 2350 2198 2413 enim
2211 2350 2343 2415 iuridici

612 2444 789 2510 antistitum
816 2441 974 2521 suffragiis
1012 2440 1097 2505 iuitis
1122 2440 1195 2504 XIV
1218 2439 1335 2521 Aprilis
1371 2456 1454 2503 anno
1481 2438 1600 2504 MDCV
1620 2441 1649 2507 J.
1668 2442 1706 2507 U.
1729 2443 1844 2509 Ductor
1878 2446 1998 2527 publice
2037 2450 2235 2513 renunciatus
2272 2468 2342 2514 cunr

611 2542 785 2609 festivitate
804 2541 864 2606 hac
885 2538 1040 2621 nuptiales
1061 2557 1181 2620 quoque
1201 2538 1292 2603 tedas
1313 2538 1408 2603 ducta
1433 2538 1466 2603 in
1488 2558 1618 2605 uxorem
1640 2541 1756 2624 Vulteji
1783 2543 1848 2609 lilia
1869 2546 1975 2627 junxit
1989 2548 2025 2628 ¹).
2078 2549 2142 2613 Nec
2170 2550 2215 2613 ita
2243 2549 2342 2615 multa

610 2649 684 2727 post
702 2640 760 2707 XV
782 2640 891 2707 Octob.
913 2639 1051 2722 ejusdem
1071 2639 1145 2705 anni
1165 2640 1197 2703 in
1216 2638 1514 2704 Iurisconsrdtouuu
1541 2639 1704 2722 collegium
1731 2649 1872 2725 receptus
1903 2648 2045 2711 oratione
2067 2649 2165 2729 priua,
2195 2652 2341 2731 quemad-

611 2741 735 2807 modum
754 2740 849 2806 moris
869 2744 934 2821 est,
969 2738 1106 2820 ejusdem
1133 2738 1248 2803 mensis
1270 2737 1362 2802 XXII
1384 2738 1435 2803 dte
1461 2740 1500 2804 de
1523 2740 1655 2806 docendi
1682 2749 1712 2807 et
1738 2744 1882 2810 discendi
1903 2748 1994 2827 jurt's
2021 2751 2207 2815 necessitate
2234 2749 2342 2815 habita

611 2843 723 2908 docere
742 2841 843 2921 coepit
864 2838 984 2920 publice
1003 2837 1155 2920 postridie
1177 2854 1275 2917 eoque
1295 2838 1327 2901 In
1349 2854 1441 2903 mrsu
1463 2840 1625 2919 usquead
1647 2858 1763 2906 annum
1784 2842 1914 2909 DCXXI
1944 2864 2004 2910 non
2033 2848 2099 2912 sine
2120 2851 2290 2931 sapientiae
2310 2856 2361 2917 et

611 2941 805 3024 eloquentiae
835 2939 928 3004 laude
968 2937 1107 3019 perrexit
1141 2936 1295 3017 gnaviter.
1350 2937 1430 3001 Nam
1457 2956 1536 3019 quas
1568 2940 1665 3005 veluti
1702 2948 1880 3008 amentatas
1913 2945 2021 3009 hastas
2052 2965 2072 3011 a
2104 2948 2341 3016 Iurisconsultis

610 3044 789 3123 acceperat,
818 3040 885 3120 ipse
905 3055 959 3103 eas
980 3037 1116 3102 oratoris
1138 3037 1263 3102 lacertis
1284 3036 1465 3118 viribusque
1489 3043 1635 3120 torquere
1657 3040 1788 3106 solebat.
1836 3043 2045 3126 caeteroquin
2073 3047 2194 3112 clavium
2221 3069 2342 3132 quoquc

611 3257 751 3306 errorum
773 3244 806 3303 et
823 3237 1015 3319 defectuum,
1042 3238 1069 3303 si
1090 3238 1142 3319 qui
1163 3237 1195 3301 in
1216 3236 1414 3301 Academiam
1437 3237 1637 3318 irrepsissent
1658 3239 1845 3322 clanculum,
1875 3244 2085 3309 visitationem
2107 3253 2218 3311 vocant
2240 3250 2342 3331 uulgo,

611 3340 791 3404 institutum
818 3344 874 3403 est.
927 3336 1044 3401 Eodem
1072 3336 1192 3417 pariter
1219 3342 1359 3415 tempore
1385 3336 1532 3417 Princeps
1561 3339 1696 3404 evocatis
1720 3340 1865 3407 Goclenio
1888 3344 2024 3425 seniore,
2055 3346 2237 3429 Crucigero‚
2265 3349 2343 3414 Pae-

612 3437 820 3520 dagogiarcha
839 3443 871 3503 et
890 3436 1067 3503 scholarum
1089 3435 1263 3516 comprimis
1284 3434 1449 3515 insignium
1467 3435 1686 3503 Hassiacamm
1701 3440 1884 3506 Itectorihus
1906 3443 2059 3507 rationem
2081 3445 2163 3526 iniit,
2185 3450 2341 3527 ‹puonrodo

611 3539 755 3621 deinceps
778 3542 865 3603 aetas
884 3536 1012 3619 puerilis
1032 3535 1064 3599 in
1084 3534 1199 3600 Hassia
1225 3534 1267 3599 ad
1287 3535 1437 3615 pietatem
1458 3539 1491 3599 ct
1512 3534 1738 3603 humanitatem
1757 3539 1832 3621 fingi
1855 3542 1967 3605 debeat
1994 3549 2025 3607 et
2054 3542 2230 3627 informari,
2257 3549 2342 3627 quod

612 3656 650 3703 ea
670 3639 703 3703 in
721 3656 755 3703 re
774 3656 837 3701 nnn
856 3637 1015 3701 minimum
1038 3635 1184 3699 momenti
1203 3635 1340 3715 positum
1359 3634 1640 3725 animadvertisset.
1683 3639 1773 3703 Armo
1789 3638 1911 3705 demum
1928 3640 2092 3707 MDCXXI
2110 3645 2215 3709 Sextili
2239 3665 2342 3711 mense

611 3737 653 3802 ad
673 3738 825 3801 illustrem
844 3736 995 3801 Comitem
1017 3735 1201 3815 Llppensem
1222 3733 1262 3797 ad
1277 3731 1460 3797 Cancellarii
1478 3732 1613 3799 officium
1631 3742 1758 3802 vocatus
1778 3739 1817 3805 ab
1833 3736 1997 3805 Academia
2020 3743 2169 3807 discessit.
2214 3746 2341 3823 Eglinus

612 3841 707 3917 rgrtur
1093 3912 1306 3982 &aristophanus
1320 3912 1416 3966 celebri
1426 3913 1631 3969 Deicbmaaaus
1641 3918 1748 3971 nomiae
1758 3918 1863 3973 Ductor

1127 4000 1191 4055 Hoc
1206 3998 1408 4052 Paadectaram
1423 4000 1519 4067 fronte
1538 4001 1687 4069 Professor
1706 4010 1780 4058 erat:

1092 4085 1226 4141 Haesisti
1243 4101 1331 4154 nuper
1347 4101 1403 4139 aaa
1422 4102 1514 4155 porea
1531 4087 1656 4141 columae
1675 4087 1760 4155 Idcea',

1127 4171 1210 4225 Nunc
1229 4169 1340 4225 domim
1353 4186 1466 4241 praeses
1485 4172 1670 4241 Lippiaciqae
1683 4173 1753 4241 fori.

612 4277 659 4339 De
680 4277 859 4358 eloquentia
880 4292 952 4339 uero
975 4271 1190 4355 christophori
1211 4273 1414 4339 Dcichmanui
1433 4274 1629 4341 Hermannus
1651 4276 1824 4343 Fabronius

1095 4373 1219 4442 Orpheum
1235 4374 1263 4426 in
1280 4374 1365 4443 sylvis
1383 4376 1509 4428 immotus
1526 4376 1646 4428 carmine
1665 4392 1777 4443 quercus

1128 4459 1228 4513 Mulsit
1245 4466 1271 4512 et
1287 4466 1388 4529 ardum
1404 4461 1485 4513 bruto
1497 4459 1594 4527 sertae
1608 4462 1690 4530 chela.

1093 4545 1127 4598 Ia
1141 4543 1276 4598 Gutbedra
1286 4545 1489 4599 Dcichmuaaas
1506 4561 1588 4615 operas
1597 4546 1745 4614 Oiceroaia,
1761 4566 1861 4618 prosae

1126 4630 1248 4698 mopere
1264 4631 1362 4684 mulcet
1376 4631 1491 4699 pulpita
1510 4631 1591 4685 Cotta
1608 4649 1681 4687 enac,

1260 4862 1445 4928 Antonius
1471 4861 1698 4929 Matthaeus

695 5000 827 5082 Phihppi
838 4999 946 5080 haber,
967 4996 1101 5064 conradi
1116 4997 1271 5062 oratoriae
1284 4996 1475 5062 Professoris
1489 4996 1579 5080 lilius,
1601 4997 1834 5082 Francohergae
1851 5002 1914 5083 (ubi
1931 5008 1996 5067 tum
2011 5005 2157 5086 temporis
2172 5004 2341 5070 Academia

613 5105 743 5182 propter
762 5104 882 5182 pestem
903 5098 1042 5180 graviter
1060 5096 1249 5163 saevientem
1277 5096 1469 5181 morabatur)
1492 5098 1804 5165 annoC.MDLIl1V
1825 5102 1875 5165 die
1895 5102 2076 5169 Decembris
2097 5104 2219 5169 XXVII
2239 5110 2342 5174 natus.

614 5217 708 5281 quum
729 5200 843 5265 artium
862 5196 1037 5263 liberalium
1057 5197 1118 5261 vim
1145 5213 1223 5278 pene
1245 5194 1396 5261 infinitam
1417 5204 1451 5263 et
1472 5199 1634 5264 materiam
1656 5200 1785 5264 scientia
1806 5206 1838 5264 et
1859 5202 2033 5281 cognItione
2053 5203 2343 5285 comprehendisset

712 5420 740 5485 1)
760 5418 850 5486 Imago
870 5418 1052 5474 IleIchmanni
