5534 6984
1181 1011 1348 1075 loannes
1373 1008 1552 1075 Rudelius
1577 1009 1606 1074 J.
1628 1009 1666 1076 U.
1688 1011 1726 1075 D.

707 1200 769 1280 Qui
793 1199 921 1282 Imperii
951 1200 984 1264 in
1009 1198 1087 1265 urhe
1116 1196 1402 1279 Francolurdiana,
1430 1215 1511 1279 quae
1538 1197 1581 1262 nd
1608 1197 1753 1263 Moenum
1781 1201 1844 1277 est,
1872 1201 1968 1263 natm
1995 1213 2033 1260 ac
2059 1200 2171 1277 postea
2200 1201 2329 1264 iosuae

585 1300 745 1367 Professor
763 1299 953 1366 Academiae
972 1297 1117 1365 Ferraria
1138 1297 1226 1364 lunis
1248 1298 1286 1363 U.
1315 1296 1487 1378 impertivit
1512 1295 1645 1364 honores
1674 1314 1827 1378 summos,
1859 1296 1916 1378 qui
1944 1295 2091 1362 Doctoris
2119 1296 2329 1362 aestimantur

584 1399 689 1481 titulo,
710 1399 918 1482 primitusque
938 1401 972 1466 in
989 1401 1139 1465 nascente
1160 1397 1219 1464 hac
1230 1396 1401 1464 Academia
1413 1398 1482 1463 uiro
1495 1397 1568 1463 huic
1585 1398 1856 1480 praestantissimo
1875 1397 2081 1479 contigerunt.
2124 1396 2329 1461 Rectoratum

583 1505 691 1566 autem
712 1500 813 1582 gessit
832 1499 899 1568 cal.
919 1499 1016 1566 iuliis
1044 1497 1158 1564 initum
1184 1513 1269 1563 anuo
1291 1496 1505 1579 MDXXXIV,
1530 1514 1594 1578 qno
1619 1496 1782 1578 Philippus
1808 1496 1983 1562 Bessorum
2008 1495 2156 1577 Princeps
2180 1496 2275 1561 rebus
2295 1497 2329 1560 in

584 1599 698 1668 Suesia
717 1618 757 1668 ex
777 1599 874 1667 animi
900 1615 1031 1682 prorsus
1057 1597 1218 1664 sententia
1236 1595 1395 1678 conectis,
1423 1596 1466 1662 ad
1494 1614 1568 1663 suos
1586 1595 1694 1661 rediit.
1745 1595 1967 1662 Convenerunt
1996 1595 2107 1660 eodem
2131 1595 2227 1661 etiam
2246 1613 2328 1661 auno

584 1699 733 1766 cassellis
761 1698 924 1783 Philippus
954 1697 1138 1766 Melanthon
1166 1699 1200 1764 et
1227 1696 1366 1762 Bucerus
1400 1714 1494 1780 super
1526 1715 1562 1762 re
1589 1696 1850 1763 &mecurio
1908 1694 1997 1762 Obiit
2023 1695 2151 1761 tandem
2179 1695 2328 1761 Rudelius

583 1799 729 1867 Lubecae
749 1799 838 1866 urbis
859 1797 1068 1881 Syndicus¹):
1088 1797 1211 1879 dequo
1233 1795 1377 1877 Nigidius

1069 1896 1111 1951 Tu
1131 1910 1237 1965 quoquc
1254 1893 1358 1950 Rudas
1374 1896 1419 1950 aa·
1432 1895 1669 1964 praemoneam
1690 1892 1828 1962 quondam
1862 1891 1865 1894 ’

1101 1979 1216 2038 orama
1235 1987 1360 2038 nnadom
1372 1980 1443 2048 juro
1461 1979 1581 2035 ὀοοικάο
1598 1979 1727 2036 amoma.

1069 2067 1169 2123 Nobile
1185 2068 1323 2122 Iaideeum
1335 2072 1403 2136 post
1420 2072 1446 2120 tc
1463 2065 1566 2120 ditavit
1578 2071 1604 2119 et
1620 2067 1710 2131 auxit,

1105 2153 1313 2222 Quaesierunt
1330 2152 1454 2208 modicae
1469 2151 1635 2206 conditionis
1652 2165 1726 2221 epm.

1070 2238 1162 2293 Rebus
1177 2238 1208 2292 ia
1225 2237 1349 2294 odem
1366 2238 1451 2294 solito
1468 2236 1502 2292 de
1518 2250 1593 2291 more
1605 2236 1694 2304 fuisti

1103 2325 1139 2378 In
1154 2323 1255 2377 maltos
1273 2323 1368 2394 tmpus
1383 2321 1580 2393 munificaque
1597 2321 1681 2377 bonos
1691 2323 1725 2388 ²).

1071 2407 1179 2462 Sincere
1196 2414 1298 2464 omes
1315 2409 1427 2464 coluisti
1443 2423 1548 2478 europa
1566 2407 1677 2473 amicos,

1105 2492 1246 2548 Candidus
1263 2496 1293 2549 ia
1310 2500 1421 2551 cunctos
1438 2495 1540 2563 insopor
1557 2499 1640 2563 atquc
1657 2493 1750 2547 bonas.

1176 2840 1310 2907 tuscus
1338 2841 1533 2908 Studeeus
1562 2841 1736 2906 Elsanus.

709 3022 744 3088 L.
768 3023 803 3088 L.
826 3023 1020 3090 licentiatus
1052 3031 1084 3090 et
1112 3027 1274 3094 Professor
1301 3027 1388 3094 luris
1417 3028 1608 3095 clarissimus
1619 3028 1650 3112 ⁸)
1677 3028 1880 3093 mentatum
1904 3024 1953 3091 bis
1979 3030 2013 3091 et
2040 3030 2206 3107 praeterea
2234 3028 2327 3092 etiam

585 3121 669 3186 vices
688 3121 900 3205 Oldendorpii,
921 3141 1019 3204 quum
1041 3125 1069 3190 is
1089 3128 1210 3193 muneri
1229 3126 1303 3193 huic
1323 3145 1470 3210 praeesse
1490 3146 1552 3192 non
1571 3132 1689 3210 posset,
1712 3127 1870 3193 sustinuit.
1913 3124 2057 3208 Philippo
2078 3142 2203 3207 quoque
2223 3125 2328 3191 Laud·

585 3220 695 3302 gravio
717 3219 780 3287 fuit
799 3240 820 3286 n
842 3221 989 3288 Consiliis
1010 3223 1165 3291 honorum
1185 3226 1320 3308 insignia
1348 3245 1430 3292 anno
1449 3227 1649 3293 llDllXXlX
1671 3229 1899 3308 consequutus,
1926 3242 2008 3306 quae
2027 3223 2224 3305 postmodum
2244 3243 2328 3291 anno

585 3319 724 3387 MDLIII
744 3320 889 3406 Philippo
910 3321 1049 3411 Pistoris
1069 3329 1103 3390 et
1130 3325 1297 3392 Heiderico
1327 3325 1468 3392 contidit.
1510 3327 1599 3394 Inter
1625 3327 1714 3392 vivos
1743 3343 1813 3391 esse
1839 3324 1932 3390 desiit
1959 3321 2157 3389 Francoiurti
2186 3324 2232 3390 XI
2252 3324 2329 3390 Julii

586 3437 667 3487 anno
687 3418 848 3490 Mnuxx.
889 3421 939 3488 De
960 3439 997 3488 eo
1020 3421 1165 3508 Nigidius

1068 3523 1168 3579 darae
1188 3521 1325 3578 siemera
1343 3525 1450 3594 Lepus»
1461 3523 1590 3594 jurisque
1603 3523 1713 3594 pertua

1101 3608 1217 3664 floruit
1231 3609 1263 3663 in
1277 3610 1436 3678 manajos
1449 3609 1606 3682 profitendo
1626 3610 1733 3664 Mola

1067 3694 1168 3750 tanao
1185 3701 1260 3749 erat:
1274 3695 1356 3761 iustu
1374 3697 1474 3752 Jusao
1488 3696 1599 3752 mom
1615 3702 1729 3751 coenata

1102 3779 1222 3836 Noniae
1238 3779 1372 3836 Iustitiae
1384 3783 1558 3837 enneminta
1574 3797 1633 3837 suo.

1070 3863 1154 3920 Heio
1168 3879 1297 3934 genuam
1312 3865 1395 3938 clegit
1410 3868 1520 3923 celadus
1537 3866 1779 3933 Ferramenta

1110 3949 1230 4008 Virtutes
1246 3957 1373 4022 spectans
1389 3968 1509 4024 auroque
1528 3953 1603 4010 dono
1619 3953 1682 4008 nis-i

1068 4035 1218 4106 Explicuit
1234 4035 1330 4094 dextre
1346 4039 1462 4096 annosa
1477 4040 1618 4095 columina
1634 4039 1723 4109 loquat

1101 4119 1263 4178 medioata
1277 4122 1365 4178 nodos
1381 4125 1539 4195 Pupiniam
1556 4131 1626 4179 tuos.

1070 4205 1125 4261 Sed
1138 4212 1288 4277 postqum
1305 4209 1429 4278 conjunx
1444 4211 1574 4266 mortales
1592 4212 1670 4265 cauit
1683 4217 1770 4274 crtus,

1106 4291 1195 4361 wora
1211 4293 1298 4348 coluit
1313 4296 1405 4349 nicom
1422 4311 1527 4365 semper
1543 4311 1637 4352 amore
1650 4297 1718 4366 pio.-

997 4389 1000 4394 ·
1070 4375 1734 4451 Proteumottuopertaaeootoaetecto

1105 4461 1215 4533 Cogitat
1228 4480 1344 4520 mosara
1360 4465 1459 4522 cluam
1474 4469 1543 4523 nelle
1558 4483 1667 4523 aum

1071 4547 1153 4603 Hanc
1170 4547 1247 4604 dedit
1262 4549 1300 4604 od
1315 4558 1411 4608 nomm
1428 4553 1630 4623 storatianum
1644 4554 1736 4610 aetite
1749 4554 1845 4608 Mesia

1103 4633 1277 4706 moritu,
1292 4637 1423 4696 &udaia
1439 4647 1551 4697 mortam
1566 4641 1686 4695 umbro
1701 4640 1765 4694 siri.

691 4909 720 4978 1)
738 4908 862 4964 Aliorum
881 4908 1019 4964 amoribus
1037 4911 1162 4968 refutatis
1177 4911 1332 4968 Striederns
1344 4919 1457 4970 suntme
1471 4915 1587 4971 ldnllero
1600 4914 1687 4981 docet,
1707 4913 1853 4969 Rudslium
1866 4931 1890 4968 a.
1902 4913 2050 4969 MDLXIII
2060 4916 2168 4984 obiisse,
2184 4925 2326 4986 postquam

587 5010 610 5049 a.
630 4993 806 5050 ltnxxxvl
823 4994 972 5064 Marburgo
990 4993 1161 5062 discesserat,
1180 5003 1208 5050 et
1225 5013 1249 5053 a
1268 4998 1374 5054 Mnxu
1391 5017 1489 5058 munus
1506 5001 1664 5058 Lnbecense
1683 5007 1848 5070 susceperat.

689 5080 720 5149 2)
735 5080 826 5136 Locus
844 5079 977 5149 imaginis.

690 5164 723 5232 3)
740 5164 829 5222 Locus
845 5165 977 5235 imaginis.
