5534 6984
616 858 663 927 94

617 1077 731 1142 easque
759 1057 894 1125 secunda
922 1056 1059 1123 editione
1085 1056 1239 1125 auctiores
1266 1055 1424 1138 redditas,
1458 1054 1588 1123 aliorum
1616 1053 1802 1136 scriptorum
1832 1052 1929 1118 edidit
1959 1053 2036 1119 nihil
2050 1056 2087 1137 ¹).
2136 1054 2346 1121 Licentiosum

616 1146 698 1226 enim
719 1157 812 1240 hujus
832 1156 928 1224 seculi
949 1156 1103 1223 scribendi
1122 1155 1283 1223 cacoethes
1311 1156 1385 1238 (quo
1409 1174 1477 1221 sese
1498 1153 1713 1239 quamplurimi
1735 1153 1848 1218 saltem
1869 1152 1999 1218 oliorum
2020 1157 2053 1219 et
2074 1153 2262 1219 verbotenus
2283 1159 2349 1220 tum

617 1258 742 1341 scriptis
752 1262 798 1341 ²),
820 1256 870 1323 vel
891 1256 1062 1323 clanculum
1082 1256 1212 1339 ablatio,
1241 1260 1298 1321 aut
1318 1272 1465 1337 perverse
1484 1254 1657 1320 immutatis
1679 1251 1854 1334 laboribus,
1874 1253 2082 1337 prostituunt)
2107 1258 2227 1319 tantum
2251 1254 2349 1335 abest,

617 1363 656 1424 nt
677 1357 726 1423 vel
745 1355 918 1440 approbare
945 1361 978 1422 et
999 1357 1116 1422 imitari
1135 1356 1283 1436 volucrit,
1312 1359 1349 1419 ut
1367 1354 1487 1437 potius,
1515 1372 1555 1419 ne
1583 1353 1664 1419 idem
1691 1352 1838 1418 factitare
1863 1353 2034 1436 videretur,
2066 1353 2207 1435 proprios
2228 1352 2349 1417 labores

617 1457 768 1524 hactenus
790 1456 999 1540 suppresserit
1019 1456 1164 1540 Spstem
1186 1448 1471 1539 Olrpmtctricuw)
1499 1453 1643 1519 absoluta
1664 1452 1810 1518 methodo
1830 1453 2042 1536 conscriptum
2063 1471 2156 1518 verae
2176 1451 2350 1517 Medicinae

619 1573 676 1623 suo
691 1556 969 1622 communicaturus
984 1561 1130 1639 tempore.
1161 1555 1208 1620 De
1223 1553 1385 1619 vocatione
1401 1553 1540 1619 Jooaoc's
1555 1552 1753 1618 Hartmaeoo'
1767 1553 1958 1634 epigramma
1971 1552 2096 1634 scripsit
2109 1552 2148 1617 H.
2161 1550 2349 1617 Fabronins:

1098 1655 1231 1709 Leucosia
1248 1652 1285 1707 ad
1303 1651 1408 1707 Hessos
1426 1652 1630 1713 Hortmeemam
1647 1653 1723 1707 misit
1740 1653 1774 1707 ab
1787 1652 1853 1707 Albi

1137 1740 1173 1793 Ut
1185 1739 1267 1807 fieret
1284 1737 1359 1791 Cotti
1372 1754 1443 1807 pars
1461 1739 1581 1807 pecuina
1595 1738 1655 1792 soli.

1097 1824 1167 1879 leode
1181 1824 1380 1878 Mefltcmate'ca
1404 1824 1563 1879 Welbelmes
1580 1830 1654 1879 stare
1672 1823 1803 1878 cathedra

1130 1910 1235 1974 coeat,
1252 1909 1300 1963 edi
1316 1911 1446 1978 streperas
1466 1910 1564 1964 Lanae
1582 1912 1691 1964 oberrat
1708 1911 1796 1978 aquia.

1099 1996 1231 2051 Maurifie'
1249 1995 1374 2049 Medicas
1391 1994 1521 2063 odjuaw
1538 2012 1605 2050 cara
1619 1996 1779 2065 palaestras

1135 2082 1252 2137 Coram
1269 2083 1299 2136 in
1314 2084 1410 2151 prisca
1430 2082 1553 2137 Gattidos
1571 2099 1632 2137 arce
1649 2082 1754 2137 dueum.

1102 2168 1200 2223 Omnia
1219 2167 1300 2223 Mate
1318 2169 1387 2222 Deo.
1422 2168 1453 2223 st
1469 2169 1560 2224 mixta
1573 2168 1700 2237 periculo
1713 2168 1819 2237 plania,

1136 2254 1181 2309 Sic
1197 2255 1266 2309 aiut
1284 2254 1385 2324 inperat
1403 2260 1502 2324 sporta
1517 2254 1665 2323 probanda
1682 2254 1743 2307 oiri.

1302 2607 1484 2675 Henricns
1511 2608 1686 2691 PetreJus

1376 2725 1597 2782 Smaloaldianus.

719 2867 779 2935 Hic
800 2887 894 2951 quum
913 2867 978 2933 acri
996 2866 1137 2948 inprimis
1150 2871 1236 2932 esset
1256 2866 1388 2950 ingenio,
1408 2866 1560 2947 Principis
1580 2865 1678 2948 ipsius
1692 2863 1840 2946 impensis
1854 2865 1896 2929 ad
1913 2865 2019 2931 studia
2034 2866 2182 2931 incubuit.
2213 2864 2348 2946 Ideoque
2404 2880 2406 2883 ·

622 2989 693 3036 cum
714 2970 780 3034 ocio
802 2974 834 3033 et
853 2967 1004 3031 facultate
1026 2965 1163 3031 discendi
1183 2966 1303 3048 majore
1323 2971 1355 3031 et
1375 2966 1563 3046 maturiore,
1593 2971 1689 3046 atque
1710 2964 1790 3030 alius
1810 2963 1974 3046 quisquam
2001 2963 2159 3030 haeretur
2185 2969 2218 3029 et
2242 2964 2349 3029 labore

624 3070 720 3133 etiam
748 3072 843 3147 atque
869 3064 1024 3129 industria
1052 3063 1093 3128 ad
1121 3063 1301 3130 eruditionis
1331 3065 1451 3130 culmen
1481 3066 1649 3132 eniteretur
1682 3065 1840 3147 superiore
1875 3084 1913 3129 ex
1941 3065 2070 3147 huglia,
2099 3064 2218 3146 Gallia,
2246 3064 2350 3145 Italia,

623 3166 733 3248 Belgio
762 3162 986 3230 secundariae
1011 3162 1109 3227 redux
1138 3181 1207 3228 eam
1233 3164 1406 3229 doctrinam
1432 3169 1641 3245 consequutus
1670 3168 1734 3245 est,
1763 3170 1799 3229 ut
1820 3165 1936 3229 nullius
1959 3166 2019 3245 rei,
2049 3183 2131 3246 quae
2153 3165 2279 3245 quidem
2301 3163 2350 3229 vel

623 3265 667 3332 ad
687 3265 810 3346 linguas
829 3263 989 3343 Latinam,
1010 3261 1178 3343 Graecam,
1199 3261 1355 3343 Italicam,
1375 3263 1553 3346 Anghcam,
1574 3264 1738 3344 Gallicam,
1761 3264 1918 3345 Belgicam
1939 3269 2109 3345 spectaret,
2131 3265 2296 3329 ueletiam
2318 3264 2350 3327 in

624 3363 744 3430 artibus
762 3362 839 3445 ipsis
859 3360 983 3427 medicis
1003 3365 1036 3426 et
1056 3360 1276 3443 philosophicis
1296 3362 1432 3443 inesset,
1453 3363 1508 3444 iis,
1529 3363 1582 3445 qui
1604 3364 1644 3429 de
1664 3363 1816 3445 ejusmodi
1839 3363 2012 3428 studiorum
2033 3382 2148 3444 genere
2170 3364 2349 3428 existimare

623 3468 769 3547 possent,
790 3462 920 3543 ignarus
941 3465 974 3527 et
988 3460 1075 3526 rudis
1096 3461 1264 3526 videretur.
1305 3462 1409 3543 Atque
1432 3461 1476 3527 sic
1495 3463 1619 3545 quidem
1634 3480 1691 3543 per
1704 3481 1808 3527 rerum
1821 3464 1939 3543 copiam
1955 3468 1988 3527 et
2002 3463 2149 3527 scientiae
2165 3463 2351 3527 varietatem

624 3563 821 3644 dignissimus
839 3560 966 3626 habitus
988 3563 1054 3641 est,
1082 3560 1134 3643 qui
1161 3560 1312 3627 institutis
1340 3566 1373 3625 et
1397 3561 1573 3642 praeceptis
1604 3561 1645 3625 ad
1672 3561 1822 3626 medicam
1850 3566 1952 3625 artem
1980 3561 2185 3627 attinentibus
2212 3562 2351 3627 erudiret

624 3664 720 3729 etiarn
740 3662 829 3726 alios.
870 3662 959 3725 huno
981 3660 1078 3742 igitur
1097 3659 1217 3725 MDGX
1238 3660 1309 3724 Jan,
1331 3660 1378 3725 III
1405 3660 1596 3725 Medicorum
1616 3661 1771 3743 ascriptus
1792 3661 1885 3726 classi
1904 3662 2108 3744 Anatomicis,
2136 3661 2296 3728 Botanicis
2317 3667 2349 3725 et

625 3761 815 3842 Ghimrgicis
852 3760 962 3825 studiis
998 3758 1169 3823 formandis
1208 3777 1353 3840 praeesse
1387 3760 1493 3841 jussus
1531 3760 1661 3826 docendi
1697 3778 1807 3825 munus
1841 3761 1880 3825 ub
1919 3762 2058 3825 oratione
2090 3762 2276 3843 panegyrica
2311 3761 2350 3824 de

625 3862 816 3928 Armmmtee
829 3860 1035 3943 praestantia
1056 3862 1090 3922 et
1109 3858 1265 3937 laudibuS,
1285 3858 1406 3940 publice
1424 3860 1624 3941 postmodum
1645 3858 1730 3924 edita
1751 3876 1789 3923 ac
1808 3858 1971 3924 Illustriss.
1993 3860 2126 3941 Principi
2147 3858 2350 3944 GujhelmoV

626 3961 760 4026 Hassiae
794 3958 992 4040 Landgravio
1029 3960 1062 4022 et
1095 3956 1277 4023 Academiae
1315 3958 1549 4040 Marpurgensis
1583 3959 1709 4024 Rectori
1747 3962 1814 4023 turn
1848 3958 2149 4039 magnificentissimo
2189 3960 2351 4040 inscripta,

626 4060 806 4142 auspicatus
828 4063 885 4123 est.
925 4057 1015 4122 Anno
1036 4056 1148 4122 deinde
1166 4057 1305 4139 proximo
1328 4058 1531 4138 Hartmanui,
1563 4077 1583 4123 a
1605 4075 1667 4142 quo
1689 4063 1818 4140 propter
1836 4058 1951 4140 ingenii
1970 4060 2191 4124 dexteritatem
2211 4057 2351 4140 ejusdem

626 4158 788 4241 disciplina
808 4175 885 4223 usus
904 4155 1112 4224 adamabatur
1131 4156 1254 4221 omnino
1275 4157 1461 4240 plurimum,
1486 4158 1549 4223 filia
1571 4157 1680 4240 ducta,
1701 4176 1720 4221 a
1739 4159 1885 4224 anone
1905 4157 2047 4223 Doctoris
2066 4158 2159 4223 titulo
2178 4163 2210 4223 et
2231 4158 2349 4222 honore

626 4258 809 4339 insignitur,
829 4274 920 4338 quem
940 4256 988 4321 ita
1008 4255 1152 4336 deinceps
1174 4256 1339 4339 sustinuit,
1362 4261 1399 4321 nt
1420 4257 1637 4323 nihilomnino
1657 4257 1773 4323 faceret
1795 4258 1923 4339 reliqui,
1946 4256 2028 4339 quod
2048 4256 2088 4322 ad
2111 4257 2214 4322 studia
2231 4256 2350 4322 isthaec

627 4357 749 4424 Medica
766 4355 970 4439 propaganda
989 4360 1023 4419 et
1043 4353 1230 4420 illustranda
1256 4374 1378 4437 quoquo
1408 4358 1499 4423 modo
1526 4357 1628 4423 facere
1656 4357 1830 4440 videretur,
1859 4375 1958 4439 eaque
1987 4358 2020 4423 in
2051 4348 2186 4423 statione
2213 4356 2353 4437 perrexit

628 4455 798 4539 usquead
826 4472 943 4521 annum
970 4453 1121 4519 MDGXX
1148 4455 1272 4519 omnino
1307 4461 1449 4538 strenue,
1485 4476 1546 4540 quo
1578 4458 1698 4523 demum
1725 4457 1801 4541 Maji
1827 4457 1877 4522 die
1896 4458 1972 4523 XIX
2002 4456 2076 4523 fatis
2107 4458 2154 4521 ita
2179 4455 2352 4521 ferentibus

628 4553 846 4636 melancholia,
867 4571 930 4634 qua
949 4552 1187 4620 conflictabatur
1207 4553 1337 4619 subinde
1359 4556 1500 4638 saepius,
1527 4561 1688 4637 correptus
1710 4576 1727 4621 e
1748 4558 1856 4621 domus
1876 4556 2013 4623 fenestra
2031 4558 2166 4639 prosiliit
2185 4563 2218 4622 et
2237 4556 2353 4621 infelici

630 4675 704 4724 casu
717 4672 807 4722 errare
820 4653 931 4734 fracto,
952 4671 1020 4719 cum
1033 4652 1147 4718 malum
1154 4652 1340 4719 Medicinam
1352 4654 1454 4736 ipsam
1467 4662 1638 4739 superaret,
1658 4657 1794 4738 Augusti
1809 4656 1945 4740 dieX1⁴)
1959 4676 2020 4723 non
2035 4657 2103 4723 sine
2116 4656 2252 4722 omnium
2267 4657 2351 4721 luctu

729 4945 758 5010 1)
775 4942 895 4997 Plurium
913 4945 1003 4995 tamen
1018 4940 1090 4996 tituli
1109 4941 1268 4997 exhibentur
1285 4959 1301 4998 a
1319 4943 1457 4999 Shiedero
1476 4944 1509 5013 V,
1527 4961 1554 5013 p.
1567 4946 1616 4999 265
1629 4960 1685 5015 sqq.
1722 4944 1817 4999 Omnia
1835 4944 1863 5000 in
1880 4960 1962 4999 unum
1979 4943 2103 4999 volumen
2121 4951 2249 5013 congesta
2268 4943 2353 4998 edidit

631 5030 778 5085 Johrenius
794 5026 963 5082 Francofurti
981 5025 1016 5080 ad
1034 5026 1071 5081 M.
1090 5043 1115 5082 a
1133 5030 1199 5082 1664
1216 5033 1245 5082 et
1263 5032 1338 5083 1690.

728 5118 757 5182 2)
776 5115 841 5169 Cod.
861 5122 917 5168 tum
936 5114 1058 5182 seriptis,
1077 5114 1144 5168 miro
1163 5129 1265 5184 errore,
1282 5116 1306 5168 ei
1326 5114 1433 5184 quidem
1451 5113 1505 5168 Dil.
1524 5128 1574 5169 sua
1591 5130 1671 5169 manu
1689 5114 1759 5169 hunc
1777 5114 1875 5170 librum
1893 5116 2027 5185 exaravit,
2046 5131 2095 5184 pro
2113 5116 2293 5184 trasacrtpta.

729 5203 757 5268 3)
775 5201 805 5255 ln
821 5200 879 5255 cod.
899 5206 941 5254 est
960 5198 1177 5269 Olymitrioeam.
1196 5231 1229 5239 —
1249 5201 1361 5255 Prasia
1376 5200 1581 5271 chymietn'cam
1604 5208 1667 5268 post
1689 5203 1747 5270 ejus
1771 5208 1895 5270 mortem,
1921 5218 2000 5269 quam
2025 5203 2092 5258 obiit
2109 5200 2239 5258 Caesellis
2260 5199 2284 5255 d.
2304 5199 2351 5252 Vll

632 5286 847 5354 m.Dec.1631,
878 5284 1021 5341 edidemnt
1044 5284 1106 5340 Joh.
1122 5285 1266 5341 Michaelis
1291 5293 1318 5341 et
1340 5286 1472 5356 Georgius
1495 5287 1760 5343 Everh.Hnrt1nann
1786 5287 1857 5344 filius
1881 5287 1955 5358 Lips.
1976 5288 2055 5359 1633,
2083 5289 2147 5344 aliis
2166 5286 2234 5343 loeis
2259 5290 2354 5353 postea

632 5386 714 5442 saepe
732 5371 884 5440 repetitam.

728 5461 757 5526 4)
776 5457 910 5513 Pistoriae
927 5458 1009 5513 habet
1027 5457 1051 5513 d.
1070 5458 1135 5528 1111,
1153 5459 1195 5515 cni
1215 5457 1321 5514 accedit
1340 5456 1403 5513 Albi
1421 5455 1494 5513 acad.
1512 5455 1701 5513 testimonium.
