5534 6984
1276 1011 1484 1093 Volqninus
1504 1011 1674 1092 Vigelius

703 1148 864 1219 Wetterae
886 1151 996 1226 natus,
1024 1165 1117 1228 qnnm
1148 1164 1211 1211 non
1236 1146 1394 1211 minimam
1422 1145 1535 1211 aetatis
1561 1150 1685 1226 partem
1713 1146 1745 1209 in
1773 1144 1873 1211 literis
1902 1144 2137 1210 humanioribus
2163 1152 2196 1211 et
2221 1144 2342 1213 Medica

611 1246 772 1329 disciplina
791 1244 965 1311 haurienda
988 1245 1185 1327 collocasset,
1215 1263 1277 1312 non
1301 1244 1421 1310 umbris
1447 1249 1480 1309 et
1506 1244 1623 1309 deliciis
1649 1243 1755 1310 infecit
1775 1249 1887 1327 postea
1907 1244 2060 1325 animum,
2088 1244 2143 1311 sed
2165 1243 2205 1309 ah
2228 1248 2344 1311 exteris

609 1365 670 1412 non
690 1362 782 1412 secus
803 1349 900 1426 atque
923 1344 964 1410 ah
980 1345 1142 1427 Aegyptiis
1155 1345 1263 1426 Plato,
1284 1362 1364 1427 qnae
1385 1342 1517 1409 utilitati
1537 1343 1691 1408 scribent
1711 1343 1863 1425 publicae,
1883 1342 2019 1425 petenda
2031 1342 2163 1424 putavit
2205 1343 2344 1426 Ideoque

609 1452 642 1512 et
661 1445 793 1511 Levanii
813 1448 846 1509 et
866 1443 1012 1509 Lutatiae
1032 1444 1223 1510 Parisiomm
1243 1443 1421 1509 traductum
1444 1460 1465 1506 a
1485 1440 1645 1508 Theoricis
1674 1443 1787 1508 studiis
1815 1443 1954 1507 animum
1980 1443 2022 1507 ad
2051 1460 2174 1523 eorum,
2204 1460 2285 1523 quae
2310 1443 2344 1508 in

609 1564 669 1611 usn
689 1544 886 1627 potissimum
906 1547 980 1607 sunt
1000 1541 1139 1625 Medico,
1166 1543 1439 1624 investigationem
1464 1541 1610 1622 contulit,
1639 1542 1732 1622 idque
1760 1559 1799 1607 ea
1826 1540 1995 1607 sedulitate
2017 1546 2112 1623 atque
2134 1559 2231 1623 opera
2251 1547 2289 1607 ut
2310 1543 2343 1608 in

607 1645 743 1727 patriam
766 1644 864 1708 redux
885 1660 967 1707 anno
988 1642 1152 1706 MDXLIX
1173 1643 1280 1707 laurea
1301 1641 1462 1706 Doctorah
1489 1648 1638 1723 tanquam
1664 1641 1779 1707 illustri
1802 1642 1938 1722 gloriae,
1971 1656 2052 1721 quae
2080 1645 2165 1707 recte
2188 1641 2342 1708 factorum

609 1763 711 1812 comes
732 1762 802 1809 esse
822 1741 996 1822 consuevit,
1016 1741 1151 1823 imagine
1171 1758 1191 1806 a
1212 1741 1363 1806 comario
1383 1744 1548 1807 ornaretur
1562 1741 1597 1823 ¹).
1649 1739 1711 1805 Sed
1738 1740 1820 1805 enirn
1848 1741 2100 1823 quandoquidem
2123 1742 2228 1806 omnia
2249 1742 2343 1809 hene·

608 1844 693 1909 facta
720 1861 754 1924 se
782 1843 815 1906 in
840 1841 910 1906 lnce
936 1839 1080 1905 collocari
1106 1841 1227 1921 volunt,
1266 1858 1329 1904 non
1360 1841 1393 1903 in
1429 1840 1554 1905 nomine
1587 1841 1805 1921 conquiescere
1833 1847 1889 1906 aut
1918 1842 2073 1922 parietum
2100 1840 2218 1906 umbris
2245 1840 2342 1907 occuli

607 1944 768 2027 pulchrum
789 1944 894 2021 ratus,
921 1956 1028 2005 curam
1046 1940 1327 2021 cogitationemque
1356 1957 1478 2005 omnem
1499 1940 1531 2004 in
1559 1939 1728 2005 utilitatem
1748 1940 1902 2022 publicam
1921 1939 2123 2005 derivandam
2144 1940 2340 2005 existimavit.

607 2042 744 2123 ldeoqne
770 2058 898 2122 operam
927 2057 1017 2104 suam
1045 2040 1231 2106 Academiae
1258 2042 1358 2121 non2)
1395 2040 1495 2105 solum
1526 2040 1559 2105 in
1586 2039 1815 2105 Mathematicis
1848 2038 2030 2121 disciphnis,
2068 2039 2123 2104 sed
2151 2040 2245 2104 etiam
2272 2045 2342 2106 arte

608 2140 729 2205 Medica
755 2139 900 2205 methodo
927 2144 960 2204 et
987 2140 1098 2205 ordine
1128 2140 1294 2205 tradendis
1324 2138 1447 2203 addixit
1472 2140 1590 2204 Decani
1623 2139 1743 2204 honore
1771 2139 1821 2203 die
1847 2139 1961 2205 IJulii
1988 2156 2070 2203 anno
2091 2138 2280 2221 MDXLV⁸)
2308 2146 2342 2206 et

607 2241 750 2306 Rectoris
772 2239 926 2320 dignitate
946 2256 1030 2304 anno
1052 2239 1107 2303 DL
1129 2243 1262 2303 ornatus
1290 2243 1324 2302 et
1346 2244 1468 2305 anetus.
1519 2238 1580 2305 Sed
1604 2244 1678 2320 post
1700 2238 1871 2321 cassellas,
1901 2243 1937 2304 nt
1957 2237 2143 2305 Medicinam
2163 2240 2195 2303 in
2216 2240 2289 2305 aula
2308 2245 2342 2305 et

607 2340 684 2404 nrhe
704 2337 821 2403 faceret
840 2338 942 2402 iathnc
963 2339 1115 2403 concessit
1135 2338 1323 2418 tandemque
1345 2355 1415 2402 curn
1435 2337 1551 2402 ibidem
1573 2341 1805 2420 consenuisset,
1842 2338 1955 2403 nemini
1985 2357 2047 2403 non
2076 2343 2206 2420 propter
2229 2340 2342 2404 merita

602 2444 718 2520 gratus
738 2437 836 2519 April.
858 2437 948 2501 XXV
970 2456 1051 2502 anno
1073 2437 1270 2502 MDLXXIX
1290 2437 1389 2515 vitae,
1418 2454 1511 2519 quarn
1538 2437 1579 2501 ab
1607 2456 1644 2503 ea
1678 2442 1855 2520 acceperat,
1884 2456 2010 2502 usuram
2037 2445 2169 2503 naturae
2197 2438 2340 2519 reddidit,

606 2557 697 2621 quern
718 2537 778 2601 hoe
797 2536 961 2600 exornavit
981 2537 1116 2603 carmine
1136 2536 1278 2619 Nigidius
1290 2537 1328 2618 ⁴).

1263 2814 1443 2881 Nicotaus
1471 2814 1678 2883 Sascherus

698 2968 926 3047 Gruningensis
949 2968 1055 3047 Friso,
1087 2984 1181 3047 quum
1204 2966 1366 3031 illustriss.
1390 2966 1584 3049 Principibus
1613 2967 1651 3031 oh
1681 2966 1857 3047 doctrinae,
1889 2983 1952 3048 qua
1971 2966 2125 3049 pollebat,
2154 2973 2338 3035 varietatem

605 3077 638 3134 et
659 3069 778 3150 copiam
798 3085 860 3130 non
881 3065 965 3130 fama
985 3067 1138 3147 populari,
1162 3065 1217 3131 sed
1237 3084 1311 3130 vera
1329 3065 1483 3131 honormn
1503 3066 1593 3131 lande
1610 3071 1705 3147 atque
1727 3066 1991 3132 commendatione
2011 3068 2199 3135 innotuisset
2221 3074 2254 3134 et
2277 3088 2339 3134 non

606 3186 703 3234 unum
733 3166 945 3247 innocentiae,
984 3166 1182 3247 prudentiae,
1218 3166 1345 3230 urtntis
1378 3170 1475 3246 atque
1512 3165 1671 3231 doctrinae
1702 3166 1855 3248 specimen
1892 3166 2044 3249 dedisset,
2084 3174 2174 3232 extra
2201 3168 2339 3234 ordinem

605 3267 792 3333 Medicinam
813 3266 925 3331 docere
940 3266 1064 3348 jussus,
1086 3266 1119 3330 id
1140 3284 1253 3331 munus
1270 3268 1330 3331 An.
1352 3265 1547 3331 MDLXXIV
1567 3283 1738 3346 aggressus
1767 3272 1825 3330 est.
1875 3266 1937 3332 Sed
1969 3284 2063 3347 quum
2090 3285 2173 3331 anno
2199 3269 2340 3348 proxime

607 3366 748 3447 sequenti
778 3366 815 3429 D.
839 3366 953 3430 Petrus
975 3365 1119 3446 Nigidius
1147 3365 1255 3430 Senior
1285 3365 1400 3430 aetatis
1429 3365 1626 3445 munerisque
1659 3365 1851 3429 vacationem
1889 3366 2102 3447 impetrasset,
2140 3367 2188 3431 hie
2215 3367 2340 3448 quidem

609 3468 670 3534 XX
690 3466 766 3531 Julii
786 3465 870 3531 illius
894 3466 1013 3531 vicibus
1035 3466 1188 3546 susceptis
1210 3466 1374 3530 universae
1393 3470 1524 3529 naturae
1544 3465 1616 3545 vina
1636 3464 1820 3529 varietatem
1841 3470 1874 3529 et
1895 3466 2028 3549 copiam,
2050 3465 2155 3547 quoad
2172 3466 2205 3531 id
2225 3467 2340 3547 mentis¹

607 3568 776 3646 hnmanae,
804 3582 884 3645 qnae
909 3584 1014 3630 rernm
1040 3566 1229 3630 naturalium
1255 3582 1384 3631 caussas
1411 3565 1502 3646 qnasi
1528 3582 1585 3646 per
1610 3563 1774 3645 caliginem
1808 3566 1922 3645 cernit,
1955 3564 2108 3647 permittit
2136 3565 2339 3647 imbecilhtas,

607 3666 760 3748 explicare
788 3664 890 3746 coepit
915 3664 1039 3745 publice
1069 3665 1277 3729 solertissime.
1325 3664 1369 3729 At
1393 3681 1469 3728 vero
1493 3681 1589 3744 quum
1619 3681 1669 3728 an.
1691 3662 1886 3729 MDLXXIX
1911 3663 2026 3729 Juliil
2053 3665 2172 3731 Decani
2193 3683 2338 3745 praeesse

606 3766 758 3846 coepisset
778 3764 914 3843 muneri,
934 3763 1029 3845 paulo
1050 3768 1123 3844 post
1142 3763 1250 3827 fidenti
1270 3767 1302 3826 et
1323 3762 1531 3844 placidissimo
1553 3762 1658 3827 anirno
1680 3764 1712 3828 irr
1733 3764 1843 3827 rnediis
1866 3763 1949 3828 vitae
1971 3765 2128 3829 laboribus
2149 3764 2337 3831 obdormivit

606 3884 669 3930 non
698 3864 764 3927 sine
793 3863 883 3943 gravi
905 3862 1089 3927 Academiae
1116 3861 1218 3943 luctu,
1257 3880 1339 3943 quae
1366 3863 1520 3945 ejusmodi
1547 3864 1705 3928 amisisset
1734 3864 1952 3946 intempestive
1981 3882 2109 3945 prorsus
2134 3864 2251 3945 virum,
2285 3865 2337 3946 qni

606 3963 789 4030 florentibus
810 3963 899 4026 annis
922 3980 979 4025 nec
1001 3961 1178 4043 voluptates
1198 3963 1359 4046 requirens
1382 3980 1438 4027 nec
1459 3962 1598 4027 laborem
1618 3962 1741 4043 fugiens
1768 3980 1890 4027 omnem
1910 3981 2015 4028 curam
2037 3969 2132 4045 atque
2149 3964 2337 4029 industriam

606 4069 662 4130 ant
681 4064 721 4128 ad
737 4062 976 4126 admirationem
992 4079 1100 4126 earnm
1115 4080 1231 4143 rerum,
1252 4080 1332 4143 quae
1351 4062 1392 4127 ab
1406 4062 1542 4144 antiquis
1555 4068 1700 4143 repertae
1721 4066 1804 4143 sunt,
1823 4068 1878 4127 aut
1898 4080 2048 4127 novarum
2068 4064 2336 4146 investigationem

606 4163 802 4230 contulisset:
833 4165 871 4225 ut
894 4165 1062 4241 propterea
1087 4161 1154 4244 ejus
1175 4179 1270 4243 opera
1291 4161 1398 4227 multis
1420 4162 1587 4243 profutura
1613 4162 1781 4227 videretur.
1824 4162 1990 4228 Sedenim
2010 4180 2113 4246 mors,
2150 4167 2187 4227 ut
2208 4164 2253 4228 ait
2273 4163 2335 4246 ille,

606 4260 682 4328 οὔτε
701 4262 776 4336 τούς
798 4260 958 4343 πονηρούς
977 4259 1140 4342 ὑπερορᾶ,
1168 4255 1243 4324 οὔτε
1264 4261 1340 4335 τούς
1363 4262 1513 4343 α’γαθοιῖς
1535 4260 1714 4342 θαυμάζει,
1742 4260 1812 4325 ἀλλ’
1839 4260 1912 4326 ἴσον
1937 4262 2054 4327 ἑαυτὸν
2077 4272 2213 4347 παρέχει
2237 4265 2336 4328 udor:

607 4381 709 4446 neque
730 4359 887 4441 improbos
907 4360 1047 4441 despicit,
1068 4377 1166 4440 neque
1187 4358 1286 4425 honos
1309 4362 1493 4443 admiratur,
1516 4362 1570 4427 sed
1589 4380 1658 4428 sese
1672 4361 1814 4426 omnihus
1829 4362 1992 4442 aequalem
2005 4362 2142 4443 praehet.
2185 4361 2336 4429 Saschero

605 4464 639 4529 in
659 4460 851 4545 professione
871 4457 1004 4540 Physica
1024 4461 1171 4526 successit
1189 4460 1372 4543 Rodelphns
1395 4462 1558 4529 Goelenins
1579 4461 1696 4527 Senior.
1738 4461 1814 4527 Viro
1832 4462 2013 4543 parentavit
2031 4463 2190 4545 Nigidius:

606 4612 991 4627 ww*-

705 4720 733 4782 1)
752 4714 792 4768 Cf.
809 4729 843 4767 ee
862 4728 930 4782 quae
949 4713 983 4766 ad
1001 4714 1083 4769 vitam
1099 4715 1221 4771 Ceruarii
1240 4717 1433 4771 adnotavimus.

702 4804 732 4868 2)
750 4801 841 4854 Locus
856 4799 989 4870 imaginis

703 4889 731 4954 3)
750 4888 809 4940 Hoc
828 4885 862 4940 ad
881 4886 1104 4956 philosophorum
1122 4886 1241 4941 ordinem
1257 4885 1429 4942 referendum
1445 4900 1513 4953 esse,
1532 4886 1594 4940 inde
1612 4892 1702 4955 patet,
1723 4887 1796 4955 quod
1810 4888 1933 4957 Vigelius
1951 4895 2046 4959 postea
2063 4888 2168 4945 demum
2185 4888 2334 4945 medicinae

607 4975 725 5029 doctoris
743 4971 855 5041 gradum
873 4973 987 5040 adeptus
1006 4982 1061 5031 est.
1090 4982 1116 5026 et
1134 4973 1205 5041 quod
1229 4974 1256 5026 in
1282 4974 1343 5041 ipsa
1364 4971 1483 5026 thesium
1509 4970 1735 5027 defendendarum
1760 4973 1974 5042 promulgatione
1992 4974 2130 5029 Striedero
2153 4980 2224 5030 teate
2249 4976 2334 5041 (XVI,

606 5077 633 5130 p.
652 5063 714 5119 3211
740 5058 930 5126 philosophiae
953 5060 1090 5126 professor·
1113 5059 1274 5128 appellatur.
1321 5057 1384 5124 Ipse
1408 5057 1436 5111 in
1461 5056 1531 5110 Albo
1560 5058 1635 5111 acad.
1666 5058 1700 5112 ad
1727 5076 1751 5113 a.
1773 5064 1839 5113 1550
1861 5061 2109 5117 mathematicamm
2135 5060 2334 5130 disciplinarum

605 5148 786 5217 professorem
802 5160 832 5200 se
852 5144 929 5208 dicit,
954 5146 1024 5214 qnod
1050 5162 1145 5200 munus
1167 5161 1228 5199 enm
1253 5162 1276 5198 a.
1299 5147 1363 5197 1541
1390 5143 1528 5211 accepisse
1554 5144 1684 5199 Pistorius
1710 5144 1804 5214 tradit,
1831 5147 1876 5215 qui
1903 5150 1960 5217 eius
1986 5148 2020 5202 ad
2044 5148 2134 5203 aulam
2152 5150 2334 5204 Caesellanam

606 5234 752 5288 discessum
771 5230 798 5284 irr
818 5247 842 5285 a
863 5234 928 5283 1553
946 5231 1036 5284 refert.

599 5331 602 5335 ·
702 5322 732 5381 4)
751 5318 864 5371 Carmen
883 5318 969 5385 ipsum
987 5331 1074 5385 neque
1098 5316 1125 5371 in
1147 5324 1221 5371 textu
1243 5332 1331 5383 neque
1350 5317 1376 5370 in
1398 5316 1495 5383 pagina
1519 5316 1577 5383 ejus
1603 5316 1718 5371 addendi
1743 5334 1824 5372 cansa
1849 5317 2014 5386 agglutinata
2038 5326 2132 5374 exstat.
2175 5320 2213 5373 (if.
2233 5320 2334 5389 Nigidii

606 5404 708 5458 elench.
727 5404 795 5471 prof.
815 5421 839 5470 p.
860 5407 891 5457 54
908 5421 947 5471 sq.
1699 5406 1705 5417 ·
