5534 6984
615 852 663 923 68

615 1058 836 1140 repressissent
848 1054 1065 1136 occupationes
1085 1050 1246 1134 plurimae,
1268 1069 1387 1133 eaeque
1402 1050 1517 1116 variae.
1559 1050 1660 1135 HuJus
1673 1052 1732 1117 viri
1747 1055 1927 1119 memoriam
1943 1054 2027 1121 hisce
2045 1056 2192 1129 versibus,
2214 1058 2351 1138 ejusdcm

616 1156 698 1225 iconi
719 1156 882 1237 subjectis,
904 1152 1124 1221 celebrandam
1147 1151 1207 1217 sibi
1229 1155 1382 1233 putarunt
1403 1150 1546 1231 Eglinus:

1099 1251 1182 1322 Quem
1201 1252 1268 1306 latet
1286 1249 1442 1303 Hermaaaa'
1466 1249 1567 1316 Valteji
1583 1250 1675 1319 qlorIc
1692 1252 1806 1321 magni?

1132 1337 1217 1404 Cujus
1233 1335 1395 1390 adumbrari
1414 1337 1548 1390 cemimus
1568 1351 1633 1400 ora,
1655 1353 1754 1405 penos:

1095 1423 1203 1479 Jadr'cii
1220 1423 1362 1500 maceror,
1388 1422 1643 1487 Viceccrecellcre'rra,
1662 1428 1753 1491 estque

1131 1508 1285 1563 Haradacce
1302 1508 1426 1562 Anactes
1445 1514 1486 1562 ter
1504 1509 1561 1563 tric
1580 1508 1669 1561 lustra
1685 1509 1801 1564 scholae.

614 1594 657 1662 at
676 1594 813 1664 Iacobus
835 1597 970 1680 Thysius

1095 1692 1238 1747 Picturam
1255 1692 1366 1747 intentis
1385 1692 1471 1748 ocula‘a
1489 1692 1537 1760 qai
1556 1691 1640 1747 lector
1658 1693 1776 1758 oberras,

1130 1778 1256 1833 Consulis
1273 1785 1300 1832 et
1312 1779 1409 1846 samoe
1429 1784 1468 1831 tot
1485 1777 1585 1832 decora
1603 1778 1662 1832 alic
1680 1779 1750 1832 otri:

1096 1866 1172 1920 Hinc
1190 1865 1294 1931 animo,
1309 1864 1372 1919 inde
1391 1863 1477 1918 oralia
1496 1866 1593 1931 saaca,
1612 1865 1745 1919 mirabere
1760 1870 1911 1933 amorque,

1135 1950 1236 2017 Vutqu'
1255 1950 1409 2005 Hermcnm'
1426 1951 1531 2003 callam
1549 1952 1722 2019 cadmomqae
1741 1953 1820 2005 raaia

1098 2038 1149 2092 I'ot
1164 2038 1264 2091 merito
1282 2043 1308 2091 et
1325 2043 1366 2091 tot
1381 2043 1458 2105 pcata
1477 2036 1570 2101 almari,
1589 2052 1645 2104 qao
1659 2036 1735 2103 juris
1753 2041 1779 2091 et
1795 2040 1878 2106 oeqar'

1130 2123 1299 2177 Personam
1317 2123 1381 2175 taba
1396 2122 1527 2191 pulpita,
1550 2138 1648 2190 regno,
1667 2122 1773 2189 forum.

1098 2206 1120 2261 0
1140 2225 1222 2276 qaam
1240 2223 1296 2261 noo
1314 2222 1384 2260 cano
1404 2208 1507 2260 vicisse
1523 2208 1670 2276 potabitur
1688 2225 1759 2263 ausu

1130 2296 1276 2348 Aramum
1294 2291 1373 2359 cadas
1391 2294 1499 2347 nomiae
1516 2293 1598 2361 scota
1618 2294 1696 2362 olqet.

615 2382 673 2449 His
704 2382 845 2465 adjunxit
878 2397 1080 2462 anagramma
1115 2378 1155 2443 H.
1188 2379 1379 2444 Fabronius:
1425 2378 1474 2445 ES
1508 2378 1656 2444 LUMEN
1690 2378 1745 2445 UT
1785 2378 1982 2446 URANIUS:
2021 2400 2057 2444 cx
2096 2400 2157 2462 quo
2192 2380 2349 2464 colligitur

615 2482 875 2551 HERMANNUS
893 2478 1112 2547 VULTEIUS.

1098 2576 1180 2633 Gallo
1198 2576 1367 2646 Pybrccirre,
1388 2575 1526 2632 Cccbcloo
1545 2576 1609 2643 tibe',
1621 2575 1710 2645 sortia
1729 2574 1813 2642 lbera,

1131 2662 1266 2732 Splendor
1285 2670 1313 2717 et
1328 2664 1431 2719 italice
1448 2664 1626 2737 Papinianus
1644 2668 1710 2717 erat.

1097 2750 1203 2804 Lumen
1220 2756 1252 2804 at
1275 2750 1408 2816 Uraniae,
1433 2750 1514 2804 Cotta
1539 2748 1662 2817 Vultejae
1680 2750 1714 2803 cb
1733 2763 1784 2802 ora

1129 2835 1264 2905 Europae
1277 2836 1370 2906 salqet
1381 2836 1458 2903 jare'a
1475 2853 1505 2890 aa
1522 2842 1582 2890 arte
1598 2836 1657 2889 solo
1670 2836 1698 2901 ¹).

1261 3066 1461 3149 Philippus
1487 3067 1711 3133 Matthaeus,

714 3201 849 3269 (lauradi
860 3202 890 3284 ²)
915 3199 997 3266 filius
1018 3217 1040 3267 a
1060 3199 1187 3282 puerilis
1209 3198 1370 3267 doctrinae
1394 3200 1590 3266 Incunabulis
1618 3219 1653 3265 se
1676 3201 1748 3266 illuc
1767 3201 1913 3282 contulit,
1942 3200 1995 3265 ubi
2015 3220 2076 3265 non
2099 3201 2221 3267 seclusa
2244 3202 2348 3283 aliqua

616 3303 731 3371 atium
759 3306 791 3367 et
816 3300 895 3382 juris
923 3299 1064 3383 inprimis
1093 3304 1255 3365 teneretur
1276 3299 1407 3382 aquula‚
1435 3300 1491 3365 sed
1520 3299 1604 3366 unde
1632 3301 1811 3385 universum
1838 3300 1953 3366 flumen
1979 3307 2165 3382 eruunpcret.
2213 3301 2349 3382 Ideoque

615 3422 678 3472 uno
698 3419 792 3486 opere
813 3400 895 3465 hanc
914 3397 1058 3465 incudem
1087 3398 1167 3463 diem
1195 3402 1377 3480 noctemque
1408 3397 1542 3465 tundens
1572 3400 1605 3464 in
1631 3400 1732 3481 patris
1762 3400 1821 3464 riri
1851 3400 2024 3465 doctissimi
2047 3401 2180 3466 incurrit
2205 3402 2349 3484 vestigia,

615 3504 702 3587 cujus
725 3518 848 3583 quoque
866 3517 978 3565 munus
1006 3503 1039 3564 ct
1066 3498 1099 3562 ln
1127 3496 1267 3565 docendo
1295 3506 1406 3581 partes
1429 3498 1525 3564 veluti
1547 3498 1757 3565 haereditario
1785 3500 1919 3582 quodam
1945 3500 2014 3581 jure
2043 3500 2102 3566 sibi
2129 3500 2256 3567 relictas
2287 3518 2350 3566 non

614 3602 722 3683 attigit
740 3598 849 3680 modo,
874 3598 928 3664 sed
951 3596 1087 3679 explevit
1108 3598 1211 3663 etiam.
1253 3597 1334 3663 Nam
1355 3616 1425 3664 cum
1443 3599 1471 3664 is
1492 3597 1638 3664 catarrho
1659 3599 1826 3680 epidemico
1845 3600 2002 3666 extinctus
2025 3605 2126 3681 esset,
2157 3598 2206 3665 hIc
2225 3600 2350 3681 quidem

613 3719 696 3770 anno
718 3697 885 3765 MDXXCI
904 3696 991 3763 illam
1010 3697 1112 3779 ipsam
1132 3696 1271 3762 muneris
1292 3703 1429 3779 partem,
1450 3715 1543 3779 quam
1563 3715 1678 3780 parens
1700 3699 1913 3780 sustinuerat,
1948 3699 2059 3781 subiit,
2089 3717 2185 3781 eaque
2206 3717 2288 3781 quac
2309 3701 2350 3767 ad
2433 3727 2436 3733 ·

614 3799 785 3881 docendi³)
806 3804 907 3863 artem
927 3796 1102 3879 pertinent,
1122 3795 1281 3876 integrum
1302 3795 1483 3860 decennium
1503 3814 1604 3876 usque
1627 3797 1668 3862 ad
1688 3814 1803 3863 annum
1817 3797 1937 3863 MDXO
1959 3804 2050 3863 aestu
2071 3806 2103 3863 et
2123 3800 2263 3865 siccitate
2286 3818 2349 3865 non

614 3900 716 3967 minus
737 3894 984 3976 memorabilem,
1005 3911 1101 3975 quam
1121 3894 1360 3975 generosissmro
1383 3896 1457 3960 rino
1477 3894 1703 3961 fertilissimum
1724 3902 1929 3978 persequutus
1952 3903 2001 3962 est
2022 3898 2076 3979 ita„
2098 3904 2134 3964 ut
2154 3899 2186 3963 in
2206 3900 2264 3964 hac
2285 3919 2349 3965 una

615 3999 738 4065 ratione
759 3995 927 4062 tractanda
948 3993 1177 4076 quodammodo
1207 3993 1374 4061 habitaret.
1427 3995 1470 4059 At
1490 3994 1617 4078 Vultcjo
1643 4002 1826 4078 surrogatus
1853 3996 1962 4063 relicto
1985 3997 2165 4079 Treutlero‚
2194 4014 2255 4079 quo
2277 4018 2348 4080 por-

615 4098 740 4167 ltmctus
760 4094 882 4177 luerat,
905 4092 1035 4160 docendi
1055 4094 1209 4177 munus⁴)
1228 4094 1262 4159 in
1282 4093 1535 4161 Institutionibua
1557 4100 1591 4160 et
1609 4096 1807 4177 postmodum
1822 4096 1940 4178 Vigelio
1954 4097 2032 4161 rude
2053 4097 2169 4162 donato
2184 4098 2348 4165 Pandectis

615 4197 808 4280 explicandis
826 4199 961 4260 mentam
982 4194 1252 4275 cogitationesque
1272 4192 1387 4259 defixit.
1429 4194 1559 4276 Reipub.
1573 4195 1778 4260 academicae
1799 4195 1919 4262 clavum
1940 4196 1987 4261 bis
2008 4197 2110 4261 tonuit
2130 4203 2163 4261 et
2184 4204 2349 4278 practerea

616 4296 694 4363 XIII
715 4294 898 4362 candidatis
919 4293 949 4359 J.
969 4291 1007 4359 U.
1030 4291 1068 4357 D.
1090 4292 1263 4374 impertivit
1290 4294 1401 4359 titulos
1431 4298 1463 4359 et
1492 4294 1633 4375 insignia.
1687 4293 1825 4360 Tandem
1853 4312 1921 4360 cum
1947 4312 2048 4360 annos
2076 4296 2203 4362 vixisset
2224 4297 2349 4377 XLIIX‚

616 4413 739 4463 menses
760 4394 821 4475 IX,
854 4392 919 4459 dies
940 4392 1046 4459 XXIII
1078 4396 1110 4457 et
1136 4393 1209 4474 jnra
1240 4391 1399 4459 docuisset
1428 4411 1528 4459 annos
1550 4394 1626 4475 XII,
1656 4394 1747 4460 Anno
1768 4394 1905 4461 MDCIII
1927 4395 2013 4460 lunii
2032 4394 2124 4461 XIIX
2147 4396 2236 4478 die³)
2270 4396 2349 4462 hora

616 4501 708 4565 sexta
726 4492 939 4577 pomeridiana
958 4490 1102 4574 hydrope
1122 4492 1277 4558 extinctus
1298 4490 1446 4557 mortales
1469 4495 1606 4576 oorporIs
1626 4495 1733 4574 posuit
1755 4495 1898 4576 exuvias,
1927 4512 2007 4578 quae
2037 4495 2069 4559 in
2091 4513 2210 4560 summo
2232 4496 2348 4578 templo

617 4595 761 4665 conditae
790 4609 890 4674 usque
919 4591 960 4656 ad
987 4597 1158 4657 extremum
1183 4590 1290 4675 judicii
1319 4592 1418 4674 dem,
1459 4610 1521 4675 quo
1552 4610 1682 4675 corpora
1712 4593 1789 4659 baec
1819 4600 1929 4661 nostra
1957 4599 2104 4675 reparata
2132 4596 2348 4678 resurgentl),

616 4694 737 4779 placide
758 4692 987 4774 conquiescunt.
1029 4691 1086 4757 Vir
1107 4695 1144 4755 ut
1162 4690 1329 4773 insigniter
1350 4691 1475 4773 doctus,
1506 4692 1552 4759 lta
1573 4692 1656 4757 vitae
1677 4694 1882 4759 sanctimonia
1907 4698 1941 4759 et
1960 4694 2142 4774 integritate
2164 4696 2347 4776 conspicuus

617 4801 712 4879 atque
732 4797 898 4877 propterea
917 4790 1052 4873 longIori
1072 4791 1139 4857 vita
1159 4788 1366 4873 dignissimus.
1415 4790 1530 4857 Verum
1552 4809 1590 4857 ea
1619 4793 1797 4874 cumprimis
1828 4792 1983 4876 longaeva
2004 4793 2158 4859 censenda
2179 4800 2229 4860 est
2249 4798 2347 4874 aetas,

716 5032 745 5099 l)
764 5029 838 5085 Obiit
856 5029 948 5083 Herm.
968 5027 1097 5098 Vulteius
1115 5029 1141 5084 d.
1160 5029 1252 5083 XXXI
1269 5045 1303 5083 m
1319 5028 1387 5083 Julii
1406 5045 1430 5085 a.
1449 5028 1653 5084 MDCXXXIV.

716 5119 745 5184 2)
763 5116 805 5170 De
824 5114 947 5169 Conrado
965 5114 1105 5170 Matthaeo
1123 5116 1194 5171 inter
1212 5115 1402 5185 philosophiae
1421 5116 1590 5183 professores
1606 5117 1701 5185 agitur.

717 5206 745 5266 3)
764 5202 807 5255 An
822 5201 909 5255 voluit
925 5201 1053 5256 dioeradr'l
1071 5202 1230 5257 Rhetorices
1250 5202 1321 5256 enim
1337 5200 1474 5269 professor
1493 5208 1519 5255 et
1537 5208 1616 5269 pater
1632 5200 1720 5257 luerat
1739 5210 1766 5258 et
1784 5204 1843 5274 ipse
1861 5204 2014 5261 nominatus
2033 5214 2081 5261 est.

716 5287 746 5355 4)
764 5286 808 5341 Sic
826 5287 879 5342 Dil.
898 5288 1007 5357 scripsit
1022 5304 1072 5358 per
1091 5305 1223 5359 errorem,
1241 5286 1408 5357 navidem,
1434 5302 1484 5355 pro
1502 5303 1616 5341 munero.

716 5374 746 5442 b)
765 5371 864 5428 album
881 5373 1065 5431 academicum
1083 5375 1197 5430 eundem
1215 5372 1286 5427 diem
1303 5373 1402 5428 mensis
1420 5373 1493 5427 Jalii
1512 5372 1632 5441 exhibeo
1651 5389 1711 5430 cum
1729 5375 1782 5432 Dil.
1802 5378 1936 5433 consentit
1954 5378 2094 5434 Pistorius.

716 5460 746 5528 6)
764 5459 853 5516 Locus
873 5460 1002 5530 imaginis.
