5534 6984
926 1063 1148 1132 Jureporttmm
1162 1061 1246 1132 sama
1264 1079 1281 1118 c
1300 1069 1341 1120 ter
1357 1067 1483 1120 maxim
1497 1066 1632 1137 jecoram,

961 1149 1114 1203 herenam
1129 1149 1219 1217 pantio
1235 1149 1327 1204 nobile
1344 1150 1418 1206 Jcae
1434 1150 1524 1207 dm

929 1233 970 1286 Tc
989 1233 1049 1288 viic
1067 1231 1167 1303 apoc
1179 1234 1343 1305 praciam,
1362 1237 1393 1291 in
1405 1237 1480 1305 flore
1491 1236 1632 1304 luceam,

960 1317 1026 1374 Heu
1042 1317 1128 1385 cadis,
1146 1335 1163 1374 o
1178 1322 1293 1389 patriae
1311 1321 1460 1392 apkndida
1472 1322 1557 1391 saaca
1574 1329 1646 1378 accc.

929 1403 965 1458 Tc
982 1405 1114 1474 cccciv)
1131 1406 1222 1462 sabito
1238 1423 1314 1464 mora
1331 1409 1501 1478 inopom
1518 1408 1633 1478 scitque

960 1489 1071 1560 Aspera
1084 1507 1145 1546 acra
1161 1494 1276 1548 samiam
1287 1495 1430 1564 frambac
1445 1495 1499 1550 ilia
1516 1495 1580 1550 cuia.

929 1575 965 1630 Te
982 1577 1138 1632 mirabatur
1147 1577 1275 1645 juvenem
1291 1595 1373 1636 acero
1384 1580 1456 1648 jara
1474 1580 1612 1638 docentem

961 1661 1212 1732 Martieparpeoaia
1232 1671 1292 1720 tota
1311 1681 1415 1721 corceio
1434 1667 1553 1722 scholas.

928 1746 1071 1816 Prindpic
1088 1748 1206 1806 numera
1226 1755 1256 1806 aa
1272 1767 1374 1822 noym
1390 1753 1506 1822 necoda
1523 1751 1619 1808 dextre

964 1831 1099 1900 Portasti,
1117 1850 1187 1891 cano
1204 1837 1254 1892 otc
1272 1837 1398 1892 obeunda
1415 1839 1481 1893 coci

927 1917 1072 1974 Buccellas
1088 1921 1175 1991 lotar
1193 1929 1336 1980 coabccto
1349 1924 1431 1992 febre
1446 1939 1555 1980 recem

963 2003 1089 2062 Stamina
1102 2007 1211 2075 fatales
1229 2008 1380 2066 wancare
1398 2010 1485 2066 Deae.

1055 2233 1275 2302 Ambrosius
1310 2239 1576 2321 Schurerus2).

566 2390 657 2458 Hunc
679 2393 709 2458 J.
731 2393 768 2460 U.
790 2393 828 2458 D.
849 2395 1016 2463 Academia
1043 2398 1123 2466 haec
1151 2405 1262 2467 nostra
1282 2403 1412 2469 aliunde
1432 2407 1596 2470 evocatum
1615 2402 1757 2484 excepit,
1782 2401 1912 2482 ejusque
1931 2397 2097 2480 praecipue
2116 2414 2188 2462 eru·

444 2493 611 2573 ditionem,
630 2493 748 2573 ingenii
769 2493 967 2562 alacritatem
979 2497 1009 2580 ³)
1031 2499 1064 2564 ct
1083 2501 1260 2582 memoriae,
1283 2519 1348 2583 qua
1367 2501 1509 2583 pollebat
1528 2503 1711 2584 plurimum,
1731 2497 2011 2582 promptitudinem
2030 2495 2188 2562 mnnita

444 2610 506 2656 non
527 2590 694 2658 admodum
718 2591 796 2658 fovit
816 2593 880 2660 diu.
929 2594 1011 2662 Nam
1041 2615 1059 2662 e
1079 2597 1234 2666 subselliis
1255 2601 1450 2668 Academicis
1474 2603 1509 2668 in
1529 2602 1628 2668 solem
1646 2598 1800 2684 processit
1820 2603 1855 2665 et
1875 2596 2042 2681 pidverem,
2067 2613 2132 2662 non
2152 2599 2190 2660 ut

443 2691 573 2758 militari
595 2690 808 2774 tabernaculo,
829 2693 885 2760 scd
905 2699 942 2760 ut
964 2713 982 2760 e
1002 2695 1252 2766 doctissimorum
1271 2699 1351 2782 juris
1372 2701 1588 2768 consultorum
1609 2698 1807 2780 umbraculis,
1827 2703 1861 2763 ct
1882 2694 2037 2778 Syndicus
2057 2691 2189 2775 Reipub.

443 2789 652 2856 minumae
678 2791 813 2858 consiliis
841 2797 874 2858 et
903 2795 1046 2860 oratione
1072 2798 1240 2880 praecipua
1268 2799 1440 2867 inservivit.
1495 2801 1557 2866 Jns
1584 2801 1689 2882 ipsum
1720 2797 1909 2866 Saronicum
1935 2792 2114 2876 complexus
2140 2797 2190 2858 cst

443 2888 532 2970 libro,
555 2906 618 2970 quo
639 2889 777 2971 ejusdem
798 2909 868 2958 cum
885 2893 956 2973 jnre
977 2891 1068 2960 civili
1088 2913 1270 2964 consensum
1291 2899 1387 2965 docet
1414 2904 1448 2966 et
1469 2899 1601 2982 digitum
1617 2898 1814 2982 potissimum
1836 2895 1877 2962 ad
1898 2895 2056 2960 achonum
2075 2891 2189 2958 ῖθῐῑῖθίθ

443 2987 589 3068 intendit,
610 2989 656 3054 ita
676 2994 712 3056 ut
734 2989 809 3054 nihil
829 2990 1004 3058 forensibus
1025 2994 1200 3062 actionibus
1218 2997 1291 3080 jnre
1312 2997 1464 3065 Saronico
1490 2997 1722 3066 conformandis
1750 2996 1897 3062 videatm
1918 2991 2189 3059 accommodatius.

444 3087 533 3153 Rude
558 3093 664 3154 tamen
699 3088 834 3155 donatus
862 3089 941 3156 abiit
966 3092 1066 3159 isthic.
1123 3095 1161 3160 In
1194 3113 1380 3162 consensum
1410 3103 1517 3164 antem
1545 3097 1634 3165 luris
1661 3095 1793 3163 Romani
1830 3097 1864 3160 et
1887 3091 2032 3159 Saronici
2058 3089 2191 3157 authore

445 3187 606 3254 Ambrosio
628 3187 781 3254 Schurerc
801 3187 1001 3256 Hermannus
1025 3191 1199 3260 Fabronius
1219 3213 1354 3278 sequens
1377 3197 1578 3280 Epigramma
1597 3197 1720 3280 posuit:

930 3289 1003 3346 Sunt
1020 3293 1083 3358 tric,
1107 3309 1177 3362 quac
1192 3296 1300 3364 primae
1317 3295 1517 3366 comprendant
1527 3297 1616 3366 juno.-
1635 3297 1755 3354 Honesti

964 3375 1125 3448 intepritos,
1143 3381 1218 3436 vitoe
1234 3397 1311 3446 carc,
1331 3383 1429 3452 atique
1441 3381 1522 3452 fides.

931 3463 1045 3520 Caetera
1063 3465 1209 3522 diversata
1226 3467 1348 3523 moribus
1364 3467 1442 3523 urbis
1460 3473 1487 3522 et
1503 3467 1578 3524 orbis

971 3549 1096 3620 Uacerpct
1112 3551 1195 3606 sclito
1214 3554 1293 3608 ouria
1311 3569 1435 3622 quaeqae
1451 3554 1532 3623 stylo.

937 3635 1025 3704 thue
1043 3637 1115 3691 citra
1132 3637 1227 3692 corios
1244 3637 1371 3694 atadiocc
1382 3638 1501 3706 juverto
1519 3638 1625 3694 labores

965 3721 1113 3776 &nocido
1124 3722 1229 3792 junpot
1245 3723 1333 3780 civica
1344 3723 1416 3791 jura
1428 3725 1513 3794 foria,

932 3807 1083 3862 Saliarem
1096 3809 1224 3878 pulchris
1241 3810 1415 3866 commotus
1433 3810 1525 3866 omacio
1536 3808 1636 3876 juncia

968 3891 1111 3949 Omncbcu:
1135 3895 1248 3952 Utilitcc
1265 3895 1366 3966 chaque
1385 3897 1478 3953 labore
1496 3895 1582 3951 lcbcr.

1033 4160 1332 4244 christophorus
1359 4161 1600 4230 Brecbterus.

568 4323 772 4406 Argentorati
801 4327 894 4390 natus
923 4323 955 4388 in
985 4323 1092 4390 schola
1120 4325 1225 4407 patria
1246 4323 1410 4392 literarum
1430 4323 1598 4408 praecipue
1624 4323 1745 4402 studio,
1773 4321 1857 4404 quod
1878 4320 1993 4402 linguis
2014 4321 2193 4387 continetur

446 4427 479 4486 et
497 4421 669 4488 dhaerendi
689 4422 819 4504 ratione,
841 4439 875 4488 se
896 4427 998 4488 totum
1019 4423 1150 4490 dedidit.
1192 4423 1307 4490 Postea
1329 4421 1370 4489 ab
1392 4422 1450 4490 hoc
1471 4421 1569 4490 veluti
1596 4421 1686 4488 aditu
1702 4421 1861 4503 januaque
1883 4419 2044 4503 patefacta
2061 4420 2104 4486 ad
2122 4420 2193 4500 jure

446 4521 658 4588 consultorum
679 4519 801 4587 scholas
822 4521 960 4604 transiit,
979 4522 1120 4604 jurisque
1141 4523 1240 4604 ipsius
1260 4522 1376 4605 publici
1398 4521 1570 4605 prudentia
1591 4526 1626 4586 et
1646 4519 1848 4602 antiquitatis
1864 4519 1995 4586 scientia
2014 4519 2194 4586 instructis·

446 4619 544 4686 simus
564 4637 717 4686 summam
736 4618 876 4686 lauream
898 4621 1032 4686 meritus
1054 4627 1117 4701 est,
1144 4623 1190 4688 ita
1218 4627 1254 4688 ut
1275 4621 1296 4689 J
1298 4640 1335 4688 us
1359 4621 1458 4689 Civile
1487 4638 1583 4704 porro
1609 4619 1711 4702 ipsum
1732 4617 1792 4684 hac
1811 4619 1846 4683 in
1866 4617 2035 4684 Academia
2052 4617 2195 4684 docuerit

447 4725 480 4783 et
500 4737 547 4800 ea,
577 4737 658 4802 quae
680 4719 740 4785 boc
764 4719 796 4784 in
819 4737 935 4801 genere
956 4721 1088 4804 proponi
1109 4725 1351 4803 consueverunt,
1378 4739 1442 4786 non
1462 4720 1607 4802 populari
1625 4717 1763 4802 quadam
1784 4717 1954 4799 trutina⁴)‚
1982 4716 2038 4782 scd
2058 4715 2194 4782 aurificis

446 4816 539 4898 plane
560 4823 682 4884 statera
704 4819 902 4884 examinarit.
945 4819 984 4884 Ei
1006 4820 1090 4885 inter
1111 4825 1237 4888 caetera
1257 4824 1290 4886 et
1311 4821 1388 4886 baec
1408 4820 1543 4888 acciunit
1559 4817 1677 4885 Fusae
1698 4817 1833 4900 poew)
1855 4833 1938 4882 anno
1951 4815 2103 4881 MDLXII
2116 4813 2194 4898 llaji

448 4917 492 4982 Vl
513 4917 690 4983 demortuo:

552 5113 581 5180 l)
598 5110 664 5167 cod.
681 5113 766 5182 rapit.
1525 5151 1529 5158 -

549 5199 579 5268 u)
597 5198 677 5254 Hunc
697 5199 770 5254 inter
793 5199 866 5256 viros
890 5199 985 5256 doctos
1003 5201 1152 5258 Hmsiacoe
1169 5199 1324 5257 Striaderna
1347 5217 1402 5258 non
1419 5199 1508 5256 adara
1542 5199 1661 5256 Pistoiio
1690 5199 1797 5270 proppl.
1815 5201 1879 5268 pb
1901 5203 2014 5256 audace
2036 5212 2099 5254 cun
2120 5193 2194 5252 circa

448 5301 471 5340 a.
490 5284 569 5340 mni.
587 5283 762 5353 Marburgum
780 5285 908 5350 venisset,
925 5303 988 5342 mox
1005 5287 1146 5342 Εήιιηιιηι
1164 5285 1297 5357 discessit,
1317 5287 1364 5343 ubl
1383 5287 1458 5344 circa
1478 5303 1504 5342 a
1520 5286 1627 5342 MDXO
1643 5291 1767 5343 mortuus
1784 5292 1835 5342 eat

550 5371 581 5440 3)
599 5369 688 5426 Locus
706 5369 838 5434 imaainis.
942 5372 973 5442 4)
991 5373 1082 5428 Locus
1102 5373 1235 5442 imaginis.

549 5457 580 5525 b)
597 5454 733 5524 Nigidium
751 5453 825 5510 diota.
861 5455 894 5511 V.
910 5463 995 5526 poeto
1021 5457 1110 5513 alieno
1130 5457 1191 5514 loco
1214 5463 1311 5528 poatea
1334 5455 1505 5525 interposuit
1549 5455 1655 5512 lhldae
1677 5462 1814 5514 mortuum
1837 5473 1898 5516 esee
1915 5457 2105 5526 Brecbtarum,
2129 5455 2190 5524 ipae

449 5541 572 5610 Nigidius
589 5549 684 5598 aucmr
702 5547 757 5610 est3
776 5539 916 5610 Mau-burgi
933 5557 988 5598 non
1006 5543 1079 5600 ultra
1096 5543 1234 5600 biennium
1252 5540 1287 5599 ab
1305 5558 1331 5597 a
1347 5555 1406 5599 rara
1423 5541 1519 5598 itum
1536 5548 1716 5600 commoratus
1732 5543 1830 5600 iuerat

2008 5645 2029 5707 8
