5534 6984
615 809 661 878 14

611 996 789 1082 publicum,
814 997 1005 1066 antecedunt
1025 999 1161 1083 accensi,
1183 1015 1260 1083 quos
1281 998 1430 1067 Pedellos
1450 1000 1576 1080 recepto
1604 996 1668 1064 illic
1687 997 1839 1065 vocabulo
1858 998 2034 1083 appellant,
2055 1002 2169 1086 singuli
2189 1022 2284 1072 manu
2304 1024 2356 1072 ar-

612 1105 761 1180 genteum
781 1104 942 1181 gestantes
962 1100 1107 1167 baculum
1128 1099 1255 1167 honoris
1283 1099 1465 1183 amplissimi
1485 1097 1629 1179 insignia.
1677 1098 1738 1164 Est
1763 1097 1858 1164 ctiam
1879 1117 1956 1165 suus
1981 1105 2148 1181 praeterea
2168 1105 2354 1173 Academiae

619 1199 908 1266 Vicecoacelloriuc
917 1205 950 1265 et
962 1199 1123 1284 syndicus
1137 1205 1269 1282 uterque
1280 1200 1512 1283 jurisperitus:
1533 1200 1615 1266 Sunt
1629 1205 1662 1265 et
1675 1200 1735 1281 ipsi
1749 1200 1956 1266 Facultatum
1967 1201 2095 1268 Decoai
2108 1209 2141 1269 et
2151 1203 2353 1273 oeconomus.

735 1299 851 1366 Verum
871 1299 1030 1366 enimvero
1050 1316 1120 1364 cum
1141 1301 1175 1364 in
1200 1299 1352 1382 ejusmodi
1374 1298 1488 1366 scholis
1513 1299 1643 1380 publicis
1664 1299 1789 1366 diversa
1810 1300 1929 1382 degant
1950 1302 2075 1382 ingenia
2094 1322 2217 1385 eorum,
2249 1307 2303 1389 qui
2320 1325 2355 1374 11

612 1397 782 1466 8111111111
802 1399 1008 1483 profitentur,
1036 1417 1170 1482 quorum
1191 1399 1244 1464 alii
1264 1399 1398 1468 modesti
1420 1415 1458 1464 ac
1478 1397 1663 1479 diligentes,
1696 1404 1809 1481 sponte
1826 1400 1917 1483 jussa
1937 1398 2041 1482 legum
2061 1400 2182 1467 iaciunt
2202 1405 2355 1472 111111-

613 1498 777 1581 densiores,
813 1503 867 1581 ut,
904 1498 987 1580 quod
1009 1497 1104 1565 semel
1135 1499 1269 1580 ingressi
1297 1498 1462 1563 literarum
1497 1497 1601 1562 stadio
1637 1497 1829 1564 decurrendo
1861 1499 1987 1564 tandem
2014 1501 2182 1582 aliquando
2208 1510 2353 1586 optatam

592 1584 827 1681 'assequantur
849 1599 1035 1664 cruditionis
1061 1603 1192 1664 nietam:
1220 1598 1275 1664 alii
1305 1597 1428 1663 desides
1460 1602 1493 1662 11
1517 1597 1693 1663 rehaetarii
1719 1597 1780 1662 nisi
1804 1596 1910 1679 legum
1931 1599 2061 1666 11111111
2090 1608 2291 1669 coerceantur
2321 1610 2356 1671 et

592 1697 863 1764 'exhortationum
893 1697 1205 1780 objurgationumque
1232 1696 1384 1778 stimulis,
1417 1696 1518 1762 risum
1551 1697 1611 1762 suit
1640 1697 1783 1778 utrisque
1814 1699 1919 1780 aliquo
1947 1719 2100 1766 ceasancc
2129 1703 2354 1771 consulendum

612 1798 768 1864 instituto.
811 1797 893 1862 Nam
913 1798 946 1862 hi
966 1798 1050 1864 inter
1071 1799 1138 1880 ejus
1160 1797 1340 1863 exercitium
1360 1800 1394 1862 et
1405 1796 1633 1878 objurgationis
1648 1796 1797 1878 pudorem
1810 1797 1859 1862 rel
1874 1816 1993 1879 poenae
2007 1805 2134 1884 metum,
2156 1802 2184 1868 si
2198 1803 2354 1871 sanabiles

612 1897 723 1978 modo,
743 1897 786 1962 ad
805 1896 941 1963 osticium
962 1897 1169 1979 adducuntur,
1190 1898 1239 1962 sin
1260 1915 1334 1962 vero
1356 1895 1518 1976 desperati
1538 1913 1556 1960 1
1578 1900 1670 1962 11111
1687 1914 1878 1978 numeroque
1898 1897 2110 1965 studiosorum
2133 1902 2354 1987 excluduntur,

612 2015 653 2063 ne
675 1996 815 2078 exemplo
838 1997 907 2062 aliis
928 2001 1063 2062 noceant
1084 2013 1158 2063 suo:
1179 1997 1225 2062 illi
1244 2014 1318 2061 vero
1337 1995 1412 2062 dum
1427 1994 1617 2075 diligentiae,
1639 1995 1813 2062 industriae
1834 2001 1868 2062 11
1880 1997 2046 2078 probitatis
2060 2018 2137 2068 suae
2150 2002 2353 2069 honorificum

610 2113 631 2161 a
651 2095 909 2180 praeceptoribus
930 2096 997 2162 suis
1017 2094 1122 2162 ferunt
1144 2095 1357 2162 testimonium
1375 2099 1409 2160 et
1429 2095 1565 2160 omnium
1584 2113 1661 2161 voce
1683 2095 1919 2179 collaudantur,
1937 2096 2069 2165 laudata
2092 2100 2218 2169 illorum
2242 2103 2354 2170 crescit

610 2197 719 2264 virtue.

720 2473 787 2548 DE
811 2469 1091 2547 PROGRESSU
1115 2471 1176 2546 ET
1201 2469 1514 2547 INCREMENTO
1538 2467 1911 2546 MARPURGENSIS
1937 2471 2231 2549 canonican.

733 2651 869 2732 Insignis
897 2651 1006 2734 optimi
1027 2651 1181 2734 Principis
1209 2650 1387 2716 fundatoris
1407 2650 1440 2716 in
1460 2668 1562 2717 norae
1582 2651 1770 2720 Academiae
1798 2651 1890 2717 Cives
1916 2650 2093 2719 humanitas
2114 2658 2148 2719 et
2164 2653 2351 2738 liberalitas,

610 2772 674 2838 qua
692 2752 792 2818 indies
813 2752 914 2833 111111
939 2769 977 2817 11
1003 2752 1104 2834 magis
1135 2751 1216 2817 hauc
1245 2769 1335 2818 suam
1362 2751 1549 2818 sublevabat
1575 2757 1609 2816 et
1635 2750 1836 2818 instaurabat
1862 2751 2080 2835 Academiam,
2107 2752 2142 2818 id
2164 2753 2282 2837 effecit,
2314 2760 2351 2822 ut

608 2853 748 2938 quotidie
769 2850 980 2918 effloresceret
1009 2869 1048 2917 ac
1073 2845 1176 2916 111111
1204 2856 1300 2932 atque
1329 2850 1449 2933 gloriae
1478 2857 1687 2918 succresceret
1715 2851 1769 2916 illa
1796 2870 1920 2934 quoque
1938 2853 2047 2933 magis.
2090 2853 2189 2932 Quam
2211 2873 2287 2921 sane
2308 2855 2350 2921 ad
2410 2898 2412 2901 -

608 2974 675 3022 rem
696 2972 760 3019 non
780 2969 891 3035 parunr
914 2952 1009 3016 ctiam
1031 2950 1162 3018 contulit
1183 2955 1233 3016 tot
1254 2955 1478 3032 tantorumque
1497 2951 1712 3018 Professorum
1734 2952 1880 3034 'gravitas
1902 2955 1935 3016 ct
1965 2970 2028 3017 non
2052 2953 2156 3019 minus
2178 2954 2348 3037 doctrinae,

608 3073 702 3137 qnam
724 3054 807 3118 vitae
829 3051 1048 3132 sanctimonia,
1074 3052 1152 3117 adeo
1173 3051 1319 3134 quidem,
1345 3055 1382 3118 ut
1403 3056 1559 3134 quotquot
1576 3053 1736 3136 intueare,
1763 3057 1814 3117 tot
1834 3051 2001 3136 Homeros,
2030 3057 2080 3119 tot
2103 3054 2276 3138 Cicerones,
2299 3059 2347 3121 tot

608 3155 756 3219 Platones
787 3150 1357 3233 1111111111111,111111111ρὶ11
1387 3151 1699 3234 etApolhnesjure
1733 3152 1870 3234 quodam
1898 3152 2001 3217 dicere
2026 3154 2137 3234 possis.
2187 3154 2292 3232 Quare
2318 3156 2347 3220 11
2467 3184 2470 3191 v

608 3253 821 3338 Pythagoras,
849 3253 877 3318 si
901 3250 1058 3334 Archytas
1088 3251 1141 3316 illc
1163 3251 1404 3333 Tarentinus,*)
1435 3251 1464 3316 si
1488 3251 1670 3333 Apollonius
1692 3252 1837 3334 Tyaneus
1859 3251 1989 3317 11111111
2008 3252 2161 3319 honarum
2181 3254 2347 3322 literarum

608 3360 642 3421 ct
663 3353 840 3420 studiorum
861 3352 966 3434 gratia
986 3357 1094 3418 nostro
1115 3351 1394 3433 peregrinarentur
1414 3352 1534 3433 seculo,
1562 3370 1624 3418 non
1645 3370 1723 3434 opus
1745 3352 1899 3417 haberent
1925 3352 1971 3417 illi
1992 3353 2135 3436 quidem,
2164 3359 2201 3420 ut
2221 3355 2348 3434 Persas,

607 3454 859 3533 Lacedaemona,
896 3451 1041 3534 Cretum,
1068 3452 1246 3534 Aegyptum
1267 3452 1407 3533 abasque
1440 3452 1564 3517 omnino
1590 3452 1732 3533 regiones
1755 3452 1930 3533 complures
1952 3458 2173 3535 peragrarent,
2201 3454 2252 3520 hic
2272 3472 2347 3520 vero

608 3556 782 3622 Caucasum
802 3551 1043 3618 laboriosissime
1064 3553 1310 3634 transcenderet,
1331 3550 1504 3633 Scythasve
1526 3556 1558 3616 et
1570 3551 1766 3633 Massagetas
1787 3560 1844 3617 aut
1861 3551 2001 3617 Albanos
2023 3559 2056 3618 11
2070 3553 2223 3618 ditissima
2237 3553 2346 3620 Indiae

606 3671 704 3736 regna
725 3656 924 3734 percurreret
945 3651 1063 3733 denuo,
1092 3669 1160 3717 cum
1180 3653 1280 3717 multo
1307 3651 1419 3716 minori
1435 3651 1584 3732 temporis
1611 3652 1717 3731 spacio
1746 3670 1914 3732 rerumque
1940 3653 2066 3734 jactura
2084 3653 2246 3735 Marpurgi
2266 3653 2346 3720 haec

607 3752 755 3832 consequi
769 3755 877 3833 posset
890 3751 1002 3815 omnia.
1046 3749 1150 3816 Tanta
1165 3750 1265 3831 viguit
1277 3750 1326 3814 hic
1341 3767 1463 3831 semper
1481 3749 1644 3815 doctorum
1658 3751 1796 3815 virorum
1812 3752 1977 3834 industria,
1999 3758 2090 3816 tanta
2103 3772 2189 3835 cura,
2205 3758 2295 3819 tanta
2311 3756 2344 3818 in

607 3851 744 3918 docendo
759 3850 939 3914 assiduitas.
962 3849 1010 3914 Ex
1021 3849 1207 3932 quorum**)
1222 3867 1338 3931 paucos
1352 3854 1477 3914 tantum
1495 3847 1548 3930 (de
1559 3849 1691 3929 siugulis
1709 3851 1789 3914 enirn
1804 3850 1957 3916 disserere
1971 3870 2029 3917 nec
2042 3852 2137 3934 hujus
2150 3853 2270 3919 1111111
2287 3871 2344 3919 nec

605 3950 754 4031 instituti,
776 3967 846 4016 curn
860 3948 998 4030 alioquin
1016 3948 1194 4014 summatim
1209 3948 1287 4014 haec
1304 3949 1529 4030 perstringenti
1542 3948 1713 4014 verendum
1725 3950 1758 4015 id
1779 3950 1836 4032 sit,
1866 3969 1905 4016 ne
1926 3952 1958 4015 iu
1979 3952 2161 4016 immensum
2183 3959 2343 4018 excrescat

605 4050 720 4132 oratio)
742 4067 926 4131 percensere
948 4047 1152 4129 1111111111,
1179 4049 1233 4131 qui
1256 4066 1319 4113 non
1349 4066 1413 4112 una
1434 4048 1520 4113 1111
1541 4048 1647 4130 aliqua
1668 4049 1872 4114 elaborarunt
1893 4051 2080 4132 separatim,
2099 4070 2211 4116 verum
2230 4053 2344 4134 omnia,

606 4167 806 4232 quaecunque
829 4151 951 4228 essent,
977 4148 1028 4212 vel
1050 4148 1198 4214 scientiae
1225 4149 1487 4230 pervestigatione
1507 4147 1558 4213 vel
1580 4149 1895 4214 disserendiratione
1923 4151 2225 4234 comprehenderunt
2246 4152 2345 4218 subti-

605 4251 733 4315 lissime.
774 4251 880 4330 Atque
900 4249 983 4312 inter
1008 4247 1077 4314 illos
1097 4248 1221 4329 quidem
1241 4248 1432 4330 antiquiores
1453 4247 1604 4313 familiam
1630 4249 1719 4330 quasi
1742 4250 1860 4314 ducunt
1881 4249 2019 4316 Joarrncs
2037 4251 2203 4317 Ferrarius
2224 4253 2343 4334 primus

604 4349 789 4414 Academiae
812 4348 903 4430 huJus
917 4349 1032 4412 Rcctor
1052 4351 1085 4412 ct
1105 4348 1383 4428 vicecancellarius
1406 4348 1474 4412 Jur.
1489 4347 1527 4413 U.
1543 4348 1582 4412 Ι).
1605 4350 1659 4430 qui
1670 4349 1871 4429 Reipublicae
1886 4348 2081 4416 Christianae
2101 4370 2171 4416 cum
2190 4352 2342 4433 docendo,

603 4455 673 4514 tum
698 4447 737 4513 de
765 4449 837 4530 jure
864 4445 1080 4529 respondendo
1109 4453 1203 4529 atque
1225 4447 1390 4512 scribendo
1409 4447 1529 4529 profuit
1556 4449 1681 4513 omnino
1703 4449 1879 4531 plurimum,
1906 4454 1939 4515 et
1960 4450 2110 4516 thanus
2137 4451 2191 4516 ille
2212 4451 2342 4532 Hessus,

603 4553 770 4631 poetarum
798 4553 831 4613 ct
864 4551 1024 4612 oratorum
1044 4547 1092 4614 sui
1121 4547 1217 4613 seculi
1243 4547 1335 4612 facile
1365 4547 1510 4628 princeps
1537 4546 1677 4629 adeoque
1706 4566 1779 4613 vere
1809 4548 1911 4634 111111
1942 4556 1975 4615 11
2004 4569 2067 4615 rex.
2117 4551 2184 4616 Hos
2204 4553 2343 4633 proxime

604 4651 776 4730 sequuntur
796 4646 898 4712 danus
922 4647 1090 4713 Carnarius
1110 4646 1283 4712 Medicinae
1302 4647 1340 4710 D.
1365 4645 1648 4728 excellentissimus,
1671 4647 1724 4727 qni
1747 4652 1780 4712 et
1801 4647 1976 4730 Theologos
2000 4655 2032 4714 et
2049 4649 2187 4716 Medicus
2204 4651 2340 4717 Graecos

602 4747 694 4813 Latio
713 4746 843 4811 donavit
862 4745 1021 4828 plurimos,
1044 4751 1077 4811 et
1097 4747 1239 4813 Andreas
1261 4747 1419 4828 Hyperius
1447 4751 1544 4829 atque
1564 4746 1704 4812 loannes
1725 4746 1913 4812 Draconites
1939 4748 1986 4814 111
2008 4755 2140 4815 naturae
2159 4751 2341 4817 muneribus

602 4848 645 4913 nd
667 4845 868 4930 Theologiam
890 4845 1027 4928 habiles,
1055 4846 1101 4912 ita
1121 4848 1241 4928 ornati,
1269 4853 1387 4911 utnon
1408 4847 1492 4927 nati,
1519 4845 1575 4912 sed
1603 4845 1642 4910 ab
1669 4847 1738 4927 ipso
1758 4847 1825 4911 Deo
1853 4847 1893 4911 11
1913 4848 2043 4914 eandem
2069 4849 2145 4916 iacti
2165 4850 2341 4917 videantur.

601 4945 629 5010 E
647 4947 716 5028 Jure
737 4946 887 5012 consultis
909 4949 1015 5011 autem
1030 4945 1177 5011 excelluit
1187 4947 1270 5010 inter
1291 4945 1409 5011 multos
1423 4946 1561 5012 Joannes
1578 4944 1814 5028 Oldendorpius,
1831 4946 2016 5013 Germaniae
2041 4948 2339 5016 iurisconsultorum

604 5047 718 5130 lumgn,
738 5056 772 5112 ct
790 5063 808 5111 e
828 5044 1022 5128 philosophis
1034 5045 1304 5128 Justusvutrejus
1325 5045 1373 5110 vir
1394 5045 1563 5111 immortali
1577 5045 1670 5110 laude
1686 5045 1895 5128 dignissimus,
1915 5047 2053 5132 itemque
2067 5049 2216 5116 Eobanus
2229 5046 2338 5126 et***)

602 5146 717 5211 Petrus
737 5145 902 5227 Pogonus,
927 5145 1088 5212 Musarum
1108 5144 1234 5210 deliciae
1254 5150 1286 5209 et
1306 5151 1401 5226 poeta
1422 5145 1569 5228 insignis,
1591 5161 1682 5227 quern
1705 5149 1808 5211 tamen
1829 5146 1996 5213 immatura
2016 5168 2099 5216 mors
2119 5147 2227 5230 rapuit
2248 5162 2339 5226 prae-

704 5407 733 5474 *)
752 5405 784 5460 ln
801 5406 860 5462 eod.
879 5408 1068 5476 scriptumest
1085 5409 1216 5463 Arabiton
1234 5408 1281 5462 ille
1301 5408 1466 5462 Tarentinas.

691 5493 736 5559 ”l
754 5493 840 5548 Deest
856 5509 967 5548 11111111
985 5494 1029 5549 rel
1045 5494 1135 5549 simile
1153 5494 1273 5548 verbum.

678 5579 739 5647 ***)
757 5579 848 5636 Verba
866 5581 998 5637 Ecbaooa
1013 5588 1038 5638 et
1054 5582 1082 5636 in
1098 5581 1219 5650 margine
1237 5575 1331 5636 addita
1349 5585 1419 5633 sunt.
