5534 6984
1198 1989 1530 2068 PROFESSORES
1565 1990 1709 2064 JURIS.

1260 2213 1281 2276 J
1289 2227 1431 2276 oannes
1455 2211 1655 2276 Ferrarius

1361 2341 1551 2409 Montanus1).

705 2519 794 2584 Inter
813 2515 1039 2598 tmisperitos,
1068 2521 1310 2598 quantacunque
1334 2516 1431 2581 etiam
1456 2515 1589 2582 scientia
1614 2515 1740 2595 suisque
1760 2513 1793 2576 in
1813 2510 1927 2576 studiis
1948 2511 2102 2576 varietate
2125 2516 2220 2592 atque
2241 2511 2331 2592 copia

584 2619 778 2688 effloruerint
804 2615 867 2698 illi,
899 2632 961 2681 non
993 2619 1058 2696 est,
1090 2631 1183 2696 quem
1211 2615 1369 2680 nascentis
1397 2614 1579 2681 Academiae
1607 2612 1734 2678 Rectori
1767 2610 1989 2694 praeferamus.
2046 2609 2163 2675 isfuit
2190 2610 2330 2675 Joannes

584 2719 766 2788 Ferrarius
786 2715 956 2782 Montanus
972 2713 1185 2796 Amaloburgi,
1205 2714 1317 2797 oppido
1341 2713 1498 2780 Dioeeesis
1518 2713 1779 2795 Mogontinensis,
1802 2716 1896 2776 natus
1909 2711 1948 2793 ²),
1967 2711 2016 2776 vir
2033 2710 2148 2791 ingenii
2160 2710 2189 2791 ⁸)
2208 2710 2330 2790 sagacis

583 2824 619 2887 et
646 2817 727 2884 acris
756 2814 936 2897 cumprimis
960 2814 1084 2897 judieii,
1115 2813 1303 2895 Theologiae
1330 2811 1577 2893 Baccalaureus,
1609 2810 1782 2876 Medicinae
1808 2810 2020 2890 Licentiatus,
2049 2815 2082 2874 et
2108 2814 2177 2874 tum
2203 2809 2331 2889 quidem

584 2917 733 3001 temporis
750 2915 832 2999 iuris
854 2913 1018 2995 utriusque
1040 2911 1224 2980 candidatus
1234 2917 1265 2995 ⁴)
1286 2915 1383 2994 atque
1404 2912 1578 2978 Hessorum
1598 2911 1735 2993 Principi
1756 2929 1776 2976 a
1798 2909 1945 2990 consiliis,
1969 2910 2022 2991 qui
2043 2927 2126 2974 anno
2147 2907 2331 2973 MDXXVII
2376 2900 2378 2903 ’

584 3020 618 3084 in
640 3014 817 3084 Dioasterio
837 3011 990 3094 Principis
1011 3011 1112 3077 XXIX
1132 3011 1219 3093 Map'i,
1240 3030 1322 3093 quae
1343 3030 1435 3078 sacra
1451 3012 1511 3078 fuit
1532 3011 1700 3077 memoriae
1717 3009 1915 3075 Ascensionis
1931 3009 2057 3073 Domini
2077 3009 2190 3090 nostri,
2210 3010 2330 3089 primus

585 3114 770 3184 Academiae
784 3113 899 3178 Rector
914 3110 1132 3193 suffragiorum
1146 3113 1377 3178 renunciatione
1390 3112 1420 3195 ³)
1439 3111 1541 3176 iactus
1560 3111 1592 3177 id
1607 3128 1721 3176 munus
1739 3110 1893 3176 sustinuit
1908 3108 2074 3174 biennium.
2116 3108 2193 3174 Inde
2212 3109 2330 3190 primus

585 3215 722 3283 omnium
742 3212 829 3279 turis
851 3211 969 3276 Doctor
990 3212 1022 3276 iu
1043 3210 1102 3276 hac
1120 3209 1289 3276 Academia
1310 3229 1330 3276 a
1352 3212 1391 3278 D.
1405 3212 1528 3277 Joanne
1548 3209 1681 3275 Rudelio
1697 3208 1972 3290 iurisperitissimo
1992 3208 2160 3289 salutatus,
2181 3207 2331 3273 secunda-

586 3333 648 3398 que
668 3314 735 3378 vice
755 3309 899 3377 Rectoris
927 3309 1110 3391 periumctus
1131 3328 1257 3376 munere
1285 3310 1455 3377 honoribus
1476 3311 1578 3375 solitis
1604 3309 1740 3392 primum
1760 3309 1793 3373 in
1822 3307 1881 3374 hac
1900 3308 2067 3373 Academia
2094 3308 2277 3389 impertivit,
2297 3314 2332 3372 ut

585 3417 701 3479 vocant
719 3411 830 3492 vulgo,
858 3408 1076 3475 Licentiatum.
1119 3409 1218 3492 quue
1237 3410 1401 3493 pariter⁶)
1427 3411 1578 3475 memoria
1607 3408 1749 3490 dignum,
1779 3408 1864 3490 quod
1883 3427 1954 3473 eum
1973 3425 2055 3472 anno
2077 3407 2196 3472 MDXL
2217 3412 2333 3488 quarta

586 3515 653 3580 vioe
671 3513 704 3577 in
719 3508 909 3592 amplissimo
929 3507 1095 3590 dignitatis
1109 3509 1212 3590 gradu
1233 3509 1403 3576 collocatus
1423 3510 1508 3575 idem
1529 3526 1643 3575 munus
1663 3508 1860 3589 sustinuerit,
1877 3507 2026 3589 Princeps
2044 3506 2195 3572 reditibus
2209 3507 2332 3570 auxerit

585 3609 784 3679 Academiam
807 3607 959 3691 propriis,
987 3625 1080 3688 quam
1108 3606 1259 3675 hramnus
1286 3609 1449 3692 stipendiis
1470 3628 1509 3674 err
1533 3608 1657 3674 aerario
1680 3625 1735 3673 suo
1757 3605 1924 3690 persolutis
1946 3610 2150 3672 sustentaret.
2191 3605 2332 3670 Accessit

586 3717 620 3778 et
631 3707 869 3775 Procancellarii
882 3707 1060 3772 Academici
1080 3706 1188 3788 honos,
1209 3726 1302 3788 quem
1314 3709 1343 3772 ei
1359 3708 1513 3789 Principis
1526 3707 1624 3789 ipsius
1633 3707 1725 3788 jussu
1739 3712 1834 3787 atque
1847 3705 2010 3771 voluntate
2025 3724 2107 3771 anno
2121 3704 2291 3770 MDXXXI
2303 3704 2333 3784 l)

585 3811 712 3877 licinus
735 3807 869 3872 Hassiae
897 3805 1101 3870 macellarius
1128 3805 1250 3870 detulit.
1303 3806 1446 3871 Tandem
1474 3823 1543 3872 eum
1563 3823 1646 3871 anno
1667 3805 1819 3870 MDLIIX
1846 3823 1929 3870 nona
1952 3805 2021 3869 sice
2042 3805 2229 3871 Academiae
2248 3820 2332 3869 asse·

587 3910 685 3976 disset
705 3904 915 3988 gubernator,
943 3903 1052 3984 illique
1082 3902 1182 3968 officia
1203 3922 1260 3970 sua
1280 3921 1423 3970 emensus
1445 3910 1531 3971 esset
1550 3903 1676 3970 abunde
1696 3903 1792 3984 satis,
1820 3903 1980 3969 laboribus
2001 3903 2120 3969 tractus
2141 3904 2223 3968 diem
2242 3921 2332 3968 suurn

587 4009 668 4076 obiit
689 4004 836 4088 vigesimo
857 4002 968 4085 quinto
990 4002 1079 4069 Junii
1100 4003 1214 4069 aetatis
1236 4005 1463 4088 septuagesimo
1484 4005 1578 4070 tertio
1598 4004 1631 4070 iu
1651 4003 1729 4069 aede
1748 4003 1787 4067 D.
1802 4001 2007 4069 Elisabethae
2027 4002 2184 4082 humatus,
2205 4003 2254 4068 cui
2273 4021 2331 4084 pro

585 4125 672 4174 more
698 4105 867 4172 Lonioerus
898 4106 931 4168 et
955 4101 1100 4185 Meyerus
1128 4108 1348 4184 parentarunt.
1397 4103 1518 4185 Ingenii
1552 4102 1731 4184 cumprimis
1767 4106 1801 4166 ct
1829 4101 2016 4167 eruditionis
2042 4120 2183 4167 summae
2208 4102 2333 4183 reliquit

586 4209 790 4274 monumenta
819 4203 1054 4269 denotationes
1092 4204 1128 4267 in
1168 4201 1353 4270 Justiniani
1380 4205 1623 4270 Institutiones:
1666 4201 1934 4269 Garamantarium
1973 4202 2012 4267 ote
2041 4201 2332 4284 Appellationibus,

586 4304 802 4389 Suppiieandi
811 4323 882 4383 usu,
894 4301 1109 4369 Restitutione
1123 4302 1279 4368 aduersus
1294 4325 1362 4368 rem
1370 4305 1566 4386 judicatam,
1581 4302 1841 4384 Exceptionidua,
1857 4322 1939 4383 qnae
1945 4301 2118 4368 Sententiis
2130 4302 2332 4383 objiciuntur,

587 4415 618 4474 et
639 4403 908 4472 Recusationibus
918 4403 1078 4484 judicum.
1120 4402 1292 4467 Praeterea
1307 4403 1575 4471 Commentariun
1594 4422 1716 4484 quoque
1736 4403 1895 4485 inteprunr
1917 4403 1963 4466 ad
1981 4402 2077 4466 Titui.
2093 4402 2333 4466 Pondeotarunr

587 4506 627 4571 de
646 4503 769 4588 repetis
782 4502 876 4584 juris
897 4520 936 4566 ao
960 4503 997 4566 in
1018 4501 1133 4567 Feuda
1152 4522 1291 4584 quoque:
1312 4503 1450 4584 itemque
1473 4502 1742 4568 Commentariun
1763 4503 1803 4566 de
1823 4501 1959 4581 Repubi.
1982 4501 2057 4566 bene
2077 4502 2276 4567 instituenda
2300 4507 2333 4564 et

586 4607 687 4672 vitam
701 4602 808 4669 Divae
827 4600 1035 4666 Elisabetbae
1057 4601 1193 4666 carmine
1215 4599 1412 4683 descriptam.
1454 4602 1491 4667 ld
1512 4620 1585 4667 vero
1606 4600 1814 4666 admiratione
1835 4599 1963 4680 dignum
1982 4600 2030 4665 vel
2052 4601 2226 4681 praecipue,
2246 4600 2332 4679 quod

692 4831 717 4897 1)
737 4825 896 4881 Orationem
914 4825 1053 4880 funebrem
1072 4827 1100 4880 in
1117 4826 1220 4882 obitum
1238 4827 1357 4882 Ferrarii
1376 4827 1462 4884 edidit
1479 4829 1544 4884 Jotr.
1565 4830 1726 4893 Lonieerus,
1754 4844 1807 4898 qua
1824 4835 1934 4896 praeter
1952 4828 2006 4882 Dil.
2024 4843 2089 4882 usus
2106 4833 2149 4882 cst
2167 4826 2287 4882 Adamus
2304 4829 2332 4880 in

587 4915 650 4970 ritis
666 4914 860 4969 Germanorum
874 4910 1121 4978 jureconsultorum
1137 4918 1165 4966 et
1182 4911 1362 4979 politicorum.
1384 4914 1509 4969 Heidelb.
1528 4930 1552 4969 a.
1575 4917 1640 4968 1620
1658 4913 1747 4968 editis.

688 5001 715 5067 2)
735 4998 767 5052 In
786 4997 906 5065 margine
923 4996 1054 5052 nonnulla
1070 4997 1105 5051 de
1124 4999 1183 5067 ejus
1203 4999 1341 5052 iuventute
1353 5000 1495 5071 adduntur,
1514 5015 1583 5069 quae
1602 5016 1662 5053 cum
1680 5005 1779 5067 postea
1798 4999 1901 5054 eisdem
1916 5001 1974 5054 iere
1988 5001 2076 5055 verbis
2092 5000 2119 5053 in
2137 5000 2198 5067 ipso
2211 4998 2332 5066 margine

586 5089 751 5155 repetantur,
770 5084 797 5139 b.
816 5083 834 5139 l.
853 5081 1000 5138 omittenda
1019 5098 1079 5137 esse
1098 5082 1229 5138 duximus.

691 5171 720 5239 3)
740 5168 805 5224 (lod.
823 5170 940 5240 iuperrio.

689 5256 720 5324 4)
738 5253 803 5309 Cod.
821 5254 987 5310 canditatus.

690 5343 720 5408 5)
738 5338 803 5394 Cod.
822 5343 1057 5397 renuncitr'atione.

689 5426 719 5494 ὃ)
740 5424 833 5494 Imago
854 5427 981 5482 Ferrarii.

691 5513 720 5581 7)
739 5511 823 5566 Immo
842 5529 865 5567 a.
883 5512 1058 5569 MDXXXVI
1077 5515 1128 5568 hoc
1146 5515 1246 5570 iaolrrm
1265 5531 1334 5584 csse,
1354 5516 1475 5571 Strieder
1494 5533 1528 5570 ex
1544 5518 1696 5572 Annalibus
1715 5518 1799 5573 Asad.
1818 5526 1892 5572 recte
1907 5520 1998 5572 rolert.
