5534 6984
606 833 650 902 76

604 1038 813 1118 Caeteroquin
833 1039 989 1117 genuerat
1006 1032 1129 1099 Ericius
1147 1032 1306 1098 Valerium
1329 1032 1483 1112 Cordum,
1508 1034 1654 1116 juvenem
1683 1034 1733 1098 vel
1755 1033 1809 1098 illu
1830 1038 1936 1099 aetate
1957 1034 2185 1115 doctissimum,
2216 1036 2284 1117 qui,
2313 1034 2342 1099 si

603 1139 670 1205 vita
689 1136 804 1202 bomini
827 1136 1009 1217 contigisset
1030 1134 1226 1214 diuturnior,
1251 1134 1284 1198 in
1306 1152 1341 1198 re
1363 1132 1487 1199 Medica
1511 1134 1562 1199 vix
1583 1151 1689 1216 parem
1711 1133 1878 1200 habiturus
1901 1134 2074 1200 uidebatur.
2118 1135 2236 1199 Verum
2258 1134 2341 1200 buno

603 1238 697 1303 terris
717 1233 924 1301 ostenderunt
945 1236 1068 1299 tantum
1087 1232 1169 1312 lata,
1197 1251 1255 1298 nec
1276 1234 1359 1299 ultra
1389 1250 1458 1298 esse
1479 1234 1631 1300 siverunt.
1674 1232 1820 1298 Morienti
1842 1232 1957 1299 Petrus
1984 1235 2132 1301 Forestus
2154 1234 2341 1300 Academiae

601 1335 821 1417 Lugdunensis
841 1340 954 1415 postea
976 1333 1133 1415 Medicus,
1163 1351 1231 1398 cum
1256 1351 1318 1415 quo
1344 1333 1594 1415 conjunctissime
1613 1334 1731 1398 Romae
1758 1334 1895 1415 ruerat,
1924 1332 2039 1401 ibidem
2069 1336 2174 1401 astidt
2200 1339 2234 1400 ct
2262 1333 2341 1400 febri

602 1436 757 1501 exstincto
773 1433 907 1499 occlusit
922 1432 1029 1499 oculos
1044 1430 1169 1498 Galend.
1186 1432 1296 1498 Octob.
1317 1433 1396 1499 hora
1411 1430 1447 1498 V.
1469 1433 1567 1496 noetis
1580 1433 1621 1514 ¹),
1644 1448 1741 1513 quum
1762 1434 1897 1514 primum
1917 1434 2032 1499 aeteus
2054 1435 2214 1515 attigisset
2226 1432 2340 1499 XXIX.

601 1535 676 1601 Fuit
694 1532 836 1599 Medicus
856 1532 987 1613 insignis
1008 1536 1042 1598 et
1063 1532 1227 1597 herbarum
1250 1532 1299 1597 bis
1320 1530 1353 1595 in
1373 1530 1551 1611 regionibus
1571 1531 1750 1612 ignotarum
1770 1532 1942 1615 indagator,
1964 1534 2053 1617 cnjus
2068 1536 2104 1599 in
2117 1534 2341 1600 Dioscorides

601 1633 829 1699 eruditissimae
850 1636 960 1696 extant
980 1632 1228 1711 Annotationes,
1262 1636 1294 1696 et
1320 1630 1379 1695 hoc
1407 1630 1523 1695 Romae
1550 1630 1753 1712 Epitaphium
1782 1631 1823 1696 ab
1850 1633 1958 1698 amicis
1985 1634 2140 1715 praeclari
2168 1634 2340 1699 testimonii

600 1735 669 1800 loeo
695 1732 780 1814 apud
808 1730 916 1796 lanum
943 1730 1062 1796 Mariae
1087 1730 1126 1795 de
1152 1731 1255 1795 anima
1284 1731 1316 1794 in
1344 1730 1471 1812 regione
1490 1729 1651 1810 Panionia,
1684 1731 1736 1795 ubi
1764 1730 1847 1796 inter
1876 1733 1982 1813 plures
2008 1733 2194 1798 Germaniae
2221 1732 2340 1798 nobiles

601 1832 743 1916 sepultus
762 1831 864 1913 J'acet,
890 1830 1034 1911 positum.

706 1930 874 2010 Valerio²)
897 1928 1000 1995 Cordo
1022 1928 1216 1995 Simesdusio
1238 1928 1343 1994 Hesso
1365 1927 1497 1994 Euricii
1517 1929 1632 1996 rudici
1653 1937 1684 1996 et
1705 1936 1820 2012 poene
1840 1931 1929 2013 filio,
1962 1934 2159 2015 integritate,
2189 1931 2339 2011 moribus,

600 2035 741 2113 ingenio,
784 2031 927 2095 comitate
948 2029 1246 2110 praestantissimo,
1292 2028 1456 2094 doctorum
1492 2030 1631 2094 muniam
1668 2031 1913 2097 admirationem
1945 2035 2075 2113 merito,
2113 2034 2168 2114 qui
2200 2038 2339 2097 naturae

602 2132 823 2197 obscuritatem
843 2137 873 2195 et
892 2129 1062 2195 dnbarum
1081 2130 1166 2195 vires
1188 2128 1294 2194 addae
1316 2128 1500 2194 adolescens
1525 2129 1653 2195 senibus
1686 2131 1872 2213 explicavit,
1909 2152 1979 2197 cum
2009 2133 2132 2214 repleri
2161 2133 2337 2214 eupiditate

601 2230 806 2315 cognoscendi
831 2248 895 2295 nou
909 2235 1032 2310 posset,
1062 2229 1265 2309 perlustrata
1287 2226 1465 2293 Gernrania
1485 2228 1621 2295 Italiam
1651 2229 1747 2309 adiit,
1784 2229 1921 2296 Vercetiis
1948 2216 2124 2297 in'donore
2150 2232 2279 2299 babitus
2309 2239 2340 2297 et

600 2331 736 2399 Romam
754 2330 810 2393 oiar
831 2331 996 2413 ingressus
1017 2328 1241 2394 nudelissinaa
1254 2328 1349 2409 febre
1369 2329 1455 2394 inter
1473 2330 1647 2397 amicorum
1663 2330 1836 2396 lachrimas
1857 2352 1920 2395 nou
1932 2332 2145 2413 recuperabili
2158 2333 2338 2398 studiorum

593 2431 741 2515 jactura,
753 2429 931 2511 florente³l
952 2428 1149 2510 extinguitur
1170 2446 1255 2491 anuo
1278 2428 1395 2493 aetatis
1415 2448 1493 2494 suae
1515 2428 1652 2512 XXIX,
1674 2430 1795 2496 domiui
1815 2432 1930 2513 optime
1948 2434 2060 2499 merito
2081 2433 2160 2498 socii
2183 2431 2338 2498 Genuam

594 2530 728 2610 palam
750 2549 823 2611 ergo
836 2548 908 2609 pos.
929 2547 1013 2593 anuo
1032 2526 1157 2593 Salutis
1178 2526 1336 2592 humanae
1355 2525 1563 2607 affixam,
1599 2529 1668 2595 VH
1685 2530 1801 2597 Kalen.
1823 2530 1926 2596 Octod.

1081 2626 1201 2681 Nascere
1220 2622 1360 2680 Paeonias
1376 2626 1474 2681 babae
1491 2629 1615 2697 circaque
1633 2628 1758 2684 nudandi

1113 2712 1179 2766 Jom
1195 2716 1299 2765 matura
1315 2712 1421 2766 bomini
1434 2713 1517 2780 facto
1534 2730 1650 2770 noomca
1667 2722 1755 2785 negat

1080 2797 1224 2853 Invidiosa
1240 2799 1323 2852 annia
1339 2800 1438 2867 rapuit
1451 2807 1624 2855 monumenta
1641 2802 1771 2867 uetustae,

1116 2884 1198 2939 Nunc
1216 2885 1298 2938 etiam
1316 2882 1434 2939 Cordum
1450 2901 1524 2941 mora
1542 2887 1662 2942 violenta
1681 2888 1751 2943 tulit.

1080 2970 1164 3024 Hauc
1182 2972 1330 3025 cannetum
1346 2972 1433 3041 igilur
1451 2972 1524 3026 vitae
1542 2972 1700 3033 florentibus
1717 2974 1805 3039 anub,

1117 3058 1184 3111 Tam
1199 3057 1299 3127 promel
1316 3058 1459 3127 apatria,
1478 3060 1578 3113 emman
1589 3060 1692 3127 Apollo
1712 3067 1787 3115 tuum
1806 3068 1852 3115 est.

1080 3143 1160 3197 Lilia
1176 3144 1215 3197 sic
1232 3144 1374 3212 violaeque
1390 3142 1505 3208 cadunt,
1525 3144 1673 3214 absynthia
1685 3147 1795 3215 florent,

1116 3228 1227 3298 Quarna
1244 3230 1311 3283 enea
1328 3230 1407 3283 rebus
1425 3228 1527 3283 emmena
1541 3238 1647 3300 parata
1665 3232 1756 3287 bouis!

1078 3316 1166 3370 Italia
1183 3317 1247 3371 duic
1265 3317 1397 3369 tumulum
1413 3316 1522 3383 tribuit,
1542 3316 1691 3371 Ganuenta
1708 3320 1800 3384 uitam,

1111 3403 1165 3472 Qui
1183 3408 1295 3471 poterat
1308 3404 1386 3458 uesci
1403 3402 1541 3471 clarium)
1560 3409 1642 3473 alque
1659 3406 1736 3459 mori.

596 3492 705 3558 Aliud:

1080 3587 1195 3657 Ingenio
1213 3594 1338 3657 superest
1356 3586 1477 3653 Cordus,
1496 3605 1569 3643 rueras
1586 3591 1650 3659 ipsa
1670 3597 1777 3660 recepta
1795 3597 1835 3645 est

1115 3671 1211 3739 Οοεῖο,
1234 3671 1308 3741 guod
1327 3679 1416 3728 terrac
1435 3680 1485 3741 est,
1510 3676 1632 3729 maxima
1652 3675 1743 3731 aomo
1760 3681 1837 3731 tenet.

693 3762 818 3842 Scripta
846 3778 921 3824 vero
952 3758 1068 3824 Euricii
1097 3757 1192 3824 Cordi
1219 3758 1304 3823 edita
1335 3758 1412 3826 baec
1440 3765 1530 3827 sunt:
1571 3760 1825 3846 Bolanologicon
1857 3764 1923 3830 sive
1948 3764 2133 3847 colloquium
2162 3767 2200 3832 de
2231 3771 2335 3835 uariis

594 3862 718 3929 turbis:
749 3860 907 3927 Bucolica
929 3864 962 3923 et
982 3858 1230 3942 Epigrammata
1242 3859 1372 3941 saecla:
1401 3865 1434 3925 ct
1458 3867 1622 3942 praeterea
1647 3862 1806 3929 iberiam
1827 3869 1860 3929 et
1880 3864 2154 3947 Alecipdarnmca
2174 3868 2334 3935 Nicandri

591 3970 706 4046 potitae
718 3960 862 4027 verubus
876 3959 1013 4026 heroicis
1033 3957 1171 4023 reddidit
1184 3956 1425 4041 elegantissime.
1467 3959 1618 4043 Ejusdem
1634 3961 1709 4027 item
1716 3961 1867 4044 iudicium
1882 3964 1920 4030 de
1932 3964 2039 4031 dubis
2052 3973 2082 4032 et
2098 3969 2334 4038 nudicanuutis

595 4060 813 4144 simplicibus:
849 4061 888 4126 de
921 4058 1024 4125 masa
1056 4056 1250 4139 Uroscopiac
1284 4058 1548 4141 mutuamur).
1601 4059 1669 4125 Viri
1702 4060 1804 4128 lamae
1840 4062 1923 4129 hunc
1957 4064 2133 4133 Fabrcuius
2172 4070 2334 4152 asscripsit

595 4161 939 4244 anagrammatismum:
960 4156 1065 4224 RUDI
1085 4155 1188 4224 SUUS
1211 4155 1376 4225 CICERO:
1397 4177 1434 4225 ex
1456 4177 1516 4240 quo
1536 4158 1695 4241 colligitur
1715 4160 1910 4229 EURIOIUS
1933 4163 2111 4231 CORDUS:

1079 4257 1233 4312 Poctlruma
1247 4272 1305 4312 nou
1318 4258 1414 4327 proles
1432 4258 1579 4325 indicere,
1598 4258 1697 4325 Corde,
1713 4259 1761 4315 aed
1779 4275 1814 4315 ec
1829 4262 1889 4328 boc,

1115 4342 1195 4412 Quod
1207 4342 1357 4413 praedulce
1374 4345 1487 4412 now)
1505 4343 1586 4403 eorde
1604 4346 1772 4415 epigramma
1790 4354 1885 4403 moret.

1078 4428 1153 4485 Hinc
1170 4430 1280 4485 cumbris
1295 4432 1391 4500 patrio
1411 4432 1593 4487 &mutunus
1612 4432 1674 4487 orbe
1690 4434 1873 4502 superstas'),

1109 4519 1200 4585 Atque
1216 4532 1283 4571 arcus
1302 4516 1440 4574 rudimen
1457 4549 1490 4558 -
1508 4518 1588 4573 rudis
1599 4520 1626 4589 ⁸)
1643 4535 1671 4573 es
1691 4518 1790 4575 dicero.

617 4609 636 4615 .-
650 4606 779 4614 ...η-

694 4673 723 4742 1)
740 4672 883 4741 Temporis
907 4677 971 4727 nota
993 4672 1022 4726 in
1048 4673 1167 4740 margine
1197 4670 1290 4729 addita
1312 4680 1368 4743 est,
1403 4673 1503 4728 omisso
1527 4688 1605 4728 anno.
1649 4672 1758 4742 Nigidio
1781 4682 1808 4729 ot
1831 4675 1937 4731 Adamo
1963 4678 2116 4733 auctoribus
2143 4687 2263 4738 mortuus
2291 4692 2334 4739 cst

595 4763 621 4819 d
644 4759 723 4815 XXV
748 4757 824 4829 Sept
847 4773 872 4813 a
895 4756 1050 4813 llbxmv.
1094 4758 1223 4827 lilogiurn
1250 4759 1377 4828 sepulcro
1401 4760 1558 4827 inscriptum
1587 4759 1681 4815 babet:
1714 4759 1814 4815 ANNO
1840 4760 1877 4815 M.
1902 4762 1937 4817 D.
1963 4762 2059 4818 XLIV,
2083 4763 2143 4820 Vll.
2169 4766 2330 4825 XXLEND.

594 4843 794 4913 acroama,
812 4842 885 4901 uude
901 4844 1015 4901 Dilirbii
1031 4860 1108 4901 error
1126 4846 1283 4915 explicatu.

692 4932 722 5001 2)
740 4929 864 4999 Sapuleri
882 4929 1084 5000 inscriptionem
1101 4948 1162 4987 curn
1179 4931 1381 5001 epigrammatis
1399 4929 1521 4987 Adamas
1538 4946 1647 5000 quoque
1665 4931 1761 5000 namt,
1787 4934 1832 5002 qui
1852 4933 1931 5001 plura
1949 4932 1983 4988 de
2002 4934 2112 4991 Valerio
2131 4935 2221 4994 Cordo
2239 4946 2331 4994 narrat

594 5021 614 5076 L
631 5018 651 5075 L
667 5019 903 5173 uffitlffl
918 5118 995 5158 aeuo.

691 5190 723 5259 4)
741 5189 788 5245 Sic
805 5188 940 5259 Adamas,
958 5189 1014 5245 Dil.
1032 5188 1150 5245 absurde
1169 5189 1279 5257 scripsit
1291 5189 1400 5245 darium

710 5275 832 5344 )Verba
849 5274 984 5343 masam
1000 5306 1034 5318 -
1052 5276 1237 5331 conclauiouea
1254 5276 1281 5329 in
1299 5290 1380 5342 marg.
1400 5273 1492 5331 addita
1509 5284 1578 5331 aunt

710 5362 726 5513 l

692 5276 708 5331 5

691 5361 708 5415 6

697 5451 712 5501 7
745 5447 790 5503 Sic
807 5447 922 5503 Fabron
941 5448 969 5501 in
989 5446 1041 5502 rol.
1061 5446 1135 5501 Cass.
1154 5447 1207 5501 Dil.
1227 5454 1370 5516 superstes.
1402 5480 1427 5485 -
1456 5451 1483 5514 8]
1504 5448 1555 5502 llll
1575 5448 1669 5503 rudus.

741 5361 772 5416 ln
789 5361 840 5416 rol.
859 5361 933 5418 Cass.
953 5367 1054 5416 exstat:
1073 5360 1184 5426 Dicere,
1202 5358 1277 5430 quod
1293 5363 1434 5431 seriptum.
