5534 6984
1260 1004 1476 1093 Rodolphus
1503 1005 1705 1075 Goclenins

1431 1111 1535 1167 Senior.

713 1228 761 1293 Ex
782 1229 837 1309 its,
867 1228 920 1309 qni
939 1224 1030 1293 hodie
1049 1226 1131 1292 inter
1149 1227 1235 1292 uiros
1261 1224 1369 1293 1111111
1397 1228 1543 1294 familiam
1566 1231 1700 1314 ducunt,
1729 1234 1844 1300 eminet
1864 1236 1913 1300 vel
1934 1237 2100 1319 praecipue
2119 1237 2186 1319 hie,
2213 1240 2266 1321 qui
2286 1260 2347 1307 non

616 1335 709 1396 unam
723 1328 858 1408 aliquam
870 1326 1087 1408 Philosophiae
1100 1332 1231 1408 partem,
1253 1328 1360 1408 inqua
1375 1327 1561 1410 elaboraret,
1584 1333 1721 1413 seposuit
1743 1333 1810 1415 sibi,
1834 1335 1888 1400 sed
1910 1336 2043 1401 omnium
2065 1356 2171 1403 rerum
2189 1340 2348 1405 scicntIam

613 1435 730 1494 natura
748 1446 808 1493 non
826 1432 1022 1509 repugnante
1036 1427 1220 1507 complexus,
1242 1428 1345 1492 omnia
1362 1427 1395 1491 in
1410 1427 1612 1510 theologicis,
1634 1430 1867 1515 Philosoplricis,
1889 1434 2096 1519 PhilologiciS,
2121 1437 2348 1507 Mathematicis

614 1536 647 1595 et
673 1528 807 1594 PottIcis
836 1528 948 1591 studiis
978 1527 1052 1591 tulit
1082 1532 1199 1608 puncta
1229 1527 1367 1591 universi
1400 1527 1620 1608 propemodum
1647 1530 1738 1595 Aonii
1768 1532 1798 1596 in
1828 1532 1997 1599 Germania
2029 1540 2134 1602 coetus
2163 1545 2349 1620 praeceptor

614 1628 801 1710 explanandi
830 1633 860 1692 et
890 1626 1063 1691 disserendi
1089 1645 1202 1706 genere
1236 1625 1399 1689 mirabilis.
1456 1626 1538 1692 Huic
1569 1628 1775 1694 Corbachium
1803 1633 2050 1699 Waldecciorum
2078 1638 2183 1717 patria
2215 1644 2279 1719 est;
2314 1644 2348 1705 at

615 1728 810 1807 Witteberga
831 1726 962 1791 eundem
985 1726 1134 1790 doctrinis
1156 1726 1295 1789 omnibus
1315 1724 1464 1805 expolivIt
1484 1732 1517 1790 at
1537 1725 1688 1792 hominem
1709 1729 1860 1811 reddidit,
1894 1732 2051 1799 Cassellae
2073 1743 2178 1800 autem
2201 1755 2347 1819 excepere

612 1830 753 1913 primurn,
774 1826 827 1891 ubi
848 1826 912 1890 ludi
933 1826 1065 1891 literarii
1085 1826 1200 1889 Rector
1221 1844 1347 1905 operam
1368 1827 1401 1890 in
1423 1824 1590 1891 erudienda
1608 1829 1775 1910 juventute
1793 1832 1900 1909 posuit
1919 1832 2099 1913 aliquandiu
2115 1837 2294 1901 acerrimam
2309 1840 2345 1919 ¹).

614 1928 818 1996 Postmodum
839 1927 871 1990 in
893 1925 1035 1991 Saschcri
1046 1927 1075 2007 ²)
1097 1924 1199 1989 locum
1219 1931 1368 1990 evocatus
1388 1925 1590 2006 Marpurgum
1612 1945 1693 1992 auno
1713 1928 1878 1995 MDXXCI
1900 1950 1968 1995 earn
1990 1933 2204 2016 Philosophiae
2223 1942 2346 2018 partem

613 2030 738 2097 tradere
753 2027 856 2107 coepIt
866 2025 998 2106 publice,
1020 2042 1099 2105 quae
1114 2042 1217 2088 rerum
1233 2024 1420 2089 naturalium
1436 2042 1561 2090 caussas
1576 2026 1730 2109 edisserit,
1752 2030 1852 2111 ipsum
1869 2031 1999 2097 docendi
2015 2052 2129 2098 munus
2150 2034 2190 2098 ab
2206 2037 2347 2102 oratione

614 2131 653 2195 de
681 2128 826 2209 Physices
853 2124 1049 2206 praestantia
1086 2130 1118 2189 et
1153 2122 1291 2188 utilitato
1319 2142 1425 2207 orsus,
1466 2132 1499 2189 et
1529 2131 1601 2206 post
1630 2127 1766 2193 Senatus
1794 2130 1970 2196 Academici
1996 2133 2087 2214 jussu
2117 2151 2154 2198 ac
2182 2134 2347 2202 voluntate

613 2246 738 2311 operam
765 2226 798 2291 iu
823 2223 995 2289 disserendi
1022 2228 1091 2287 arte
1119 2223 1303 2304 explicanda
1331 2224 1525 2306 interposuit.
1575 2225 1689 2292 Docuit
1717 2228 1811 2293 etiam
1836 2235 1926 2294 extra
1955 2231 2093 2297 ordinem
2116 2232 2285 2314 Sphaeram
2314 2242 2347 2301 et

613 2326 864 2405 arithmeticam,
891 2323 1021 2405 ejusque
1042 2322 1151 2387 domus
1173 2322 1314 2388 omnibus
1336 2329 1426 2388 extra
1445 2322 1588 2403 publicas
1609 2324 1703 2391 horas
1731 2344 1793 2392 non
1820 2328 1913 2393 aliter
1939 2335 2034 2412 atque
2054 2331 2145 2397 ludus
2166 2334 2292 2413 quidam
2312 2339 2346 2401 et

613 2427 736 2494 officina
763 2422 980 2505 Philosophiae
1005 2424 1109 2503 patuit
1138 2440 1275 2503 semper,
1313 2441 1351 2486 ex
1380 2440 1443 2504 qua
1476 2428 1625 2505 tanquam
1654 2444 1692 2489 ex
1722 2444 1800 2508 equo
1826 2427 1962 2510 Trojano
1993 2430 2147 2495 innumeri
2176 2432 2259 2498 docti
2288 2435 2346 2499 viri

610 2527 803 2613 prodierunt.
847 2523 940 2589 Certe
962 2522 1081 2587 XXXV
1101 2539 1255 2586 annorum
1281 2522 1386 2602 spacio
1412 2528 1540 2604 praeter
1561 2543 1632 2606 111,
1663 2526 1775 2607 quibus
1803 2528 1935 2608 primam
1961 2528 2178 2611 Philosophiae
2207 2532 2346 2599 lauream

611 2628 740 2707 tribuit,
762 2625 847 2691 ultra
864 2623 921 2689 DC
942 2640 999 2688 sua
1020 2639 1115 2686 manu
1134 2621 1359 2701 MagIstrorum
1381 2623 1552 2704 impertivit
1572 2623 1757 2707 honoribus,
1779 2626 1826 2691 vir
1848 2627 2023 2693 inexhausti
2042 2630 2135 2711 plane
2155 2630 2280 2715 laboris,
2299 2633 2346 2700 ita

611 2732 650 2795 ut
668 2726 806 2809 ejusdem
826 2722 996 2788 assiduitas
1023 2727 1056 2786 et
1083 2722 1116 2786 in
1145 2721 1312 2787 erudienda
1337 2721 1502 2803 juventute
1529 2725 1706 2806 contentio,
1736 2744 1775 2790 ne
1800 2726 1868 2806 ipso
1889 2727 2013 2808 quidem
2034 2731 2150 2795 aetatis
2172 2730 2254 2796 flexu
2274 2750 2345 2798 con·

612 2830 724 2895 sistere
745 2825 810 2890 ulla
830 2824 954 2888 ratione
976 2822 1120 2904 quiverit.
1172 2820 1313 2887 Officium
1342 2828 1374 2885 et
1396 2827 1504 2902 partes
1525 2822 1642 2887 Decani
1666 2823 1748 2888 inter
1773 2824 1975 2908 Philosophos
2000 2831 2163 2910 usurpavit
2188 2832 2285 2898 octies
2312 2837 2346 2898 et

611 2925 753 3009 Reipubl.
773 2923 975 2987 Academicae
995 2921 1131 3004 praefuit
1152 2940 1220 2986 cum
1243 2921 1372 3002 imperi0
1393 2921 1509 2985 Rector
1530 2939 1611 2987 anno
1630 2922 1764 2989 MDOXI
1784 2942 1821 2989 eo
1841 2925 1965 3005 quidem
1985 2932 2141 3012 tempore,
2163 2948 2226 3011 quo
2248 2932 2344 3012 pestis
2382 2924 2384 2926 ’

611 3026 817 3107 Marpurgum
840 3022 1020 3086 immensum
1043 3025 1188 3102 grassata
1209 3021 1292 3085 mille
1312 3020 1460 3085 ducentos
1487 3020 1559 3103 plus
1581 3022 1682 3087 minus
1707 3030 1739 3088 et
1760 3024 1842 3088 inter
1864 3043 1916 3090 eos
1938 3026 2137 3093 Valentinum
2156 3028 2346 3095 Schoncrum

610 3126 671 3190 loci
693 3131 724 3189 ct
745 3121 988 3204 circumjacentis
1009 3120 1195 3185 Dioeceseos
1217 3121 1413 3202 episcopum,
1436 3137 1527 3201 quem
1549 3121 1848 3203 Superatendentem
1867 3132 1981 3190 vocant
2001 3128 2112 3210 vulgo,
2135 3130 2279 3211 sustulit,
2310 3135 2345 3195 ut

612 3243 647 3291 se
665 3218 875 3306 propterea⁸)
896 3219 1064 3284 Academia
1085 3219 1334 3300 Francobergam
1355 3220 1494 3301 recipere
1514 3229 1689 3302 cogeretur.
1732 3222 1898 3289 Caeterum
1921 3244 1939 3290 a
1961 3226 2085 3307 Logicis
2106 3227 2345 3310 subtilitatibus

612 3326 708 3390 Petro
728 3321 852 3403 Nigidio
873 3320 1002 3385 Ι1111111
1022 3337 1105 3401 anno
1125 3318 1228 3383 DCIII
1254 3318 1332 3384 rudo
1358 3318 1490 3401 donato,
1519 3320 1559 3384 ad
1587 3338 1657 3385 cam
1683 3321 1844 3387 doctrInac
1871 3328 2011 3407 partem,
2043 3345 2124 3408 quae
2152 3328 2184 3392 in
2210 3328 2345 3393 moribus

612 3422 837 3491 conformandis
859 3425 1019 3500 versatur,
1048 3418 1261 3499 explicandam
1290 3437 1416 3499 operam
1450 3419 1611 3484 transtulit
1642 3425 1674 3485 et
1701 3421 1857 3504 studium,
1897 3442 1990 3505 quam
2016 3428 2113 3491 totius
2140 3428 2225 3492 ritae
2253 3447 2346 3493 cursu

611 3542 731 3592 summa
757 3540 833 3588 cura
861 3527 893 3585 ct
919 3539 981 3585 non
1008 3519 1117 3583 minori
1144 3519 1351 3599 audientium,
1383 3519 1416 3583 in
1443 3536 1571 3599 quorum
1600 3519 1710 3585 animis
1739 3539 1806 3585 cum
1828 3521 2034 3589 delectatione
2055 3526 2148 3590 etlam
2170 3527 2345 3608 relinquere

612 3623 771 3692 consuevit
799 3620 938 3701 aculeos,
971 3619 1144 3684 attentione
1174 3621 1271 3698 atque
1297 3622 1423 3697 stupore
1449 3619 1654 3698 pertractavit
1683 3623 1715 3682 et
1740 3620 1883 3702 insuper,
1926 3640 1964 3687 ne
1992 3623 2156 3705 quicquam
2186 3627 2345 3691 omitteret

610 3743 735 3802 eorum,
763 3739 844 3802 quae
864 3719 1057 3784 commodum
1085 3718 1131 3782 rei
1159 3717 1318 3781 literarIac
1345 3723 1485 3797 spectare
1507 3716 1570 3782 ullo
1591 3717 1682 3782 modo
1703 3719 1907 3801 videbantur,
1937 3725 2105 3802 quotannis
2127 3724 2224 3790 libros
2246 3728 2344 3792 omnis

609 3822 748 3889 liberalis
768 3820 950 3884 eruditionis
972 3819 1125 3883 varietate
1145 3823 1241 3897 atque
1260 3817 1349 3897 copia
1369 3815 1502 3906 reiertos
1525 3819 1558 3880 et
1579 3816 1749 3883 industriae
1771 3825 1867 3900 atque
1889 3818 2008 3885 laboris
2027 3822 2144 3889 indices
2166 3825 2287 3907 emisit,
2311 3826 2343 3889 in

609 3921 724 4006 quibus
756 3920 875 3983 enitent
913 3918 962 3981 vel
1000 3918 1163 3999 praecipue
1200 3917 1341 3982 Lexicoa
1373 3916 1647 3997 philosophicam:
1696 3916 1908 3983 Conciliator:
1950 3921 2084 4004 Isaqope
2119 3924 2155 3986 e'a
2193 3923 2344 4006 Orpenna

610 4020 812 4087 Aristotelis:
833 4018 1037 4083 Problemata
1050 4017 1171 4099 Lopica
1186 4016 1306 4098 aliquot
1321 4014 1527 4080 volumInibus
1541 4014 1777 4097 comprehensa:
1799 4017 2020 4085 institutiones
2034 4021 2187 4103 Loqa'cae:
2213 4022 2343 4088 011111-

608 4122 733 4189 oersa'ae
746 4117 1005 4199 Philosophiana:
1027 4118 1231 4182 Adversaris
1247 4116 1292 4181 od
1306 4117 1482 4181 erote-ricus
1503 4116 1628 4197 aliquot
1647 4118 1888 4183 exercitationes
1899 4119 2071 4203 Scaligerr':
2094 4120 2344 4204 Oosraopraphr'a

610 4244 666 4288 sea
693 4221 853 4302 81111111,
883 4219 1041 4302 Physica,
1077 4218 1316 4299 Metaphysica
1349 4219 1382 4280 et
1411 4218 1570 4281 orationes
1598 4220 1692 4296 atque
1716 4224 1867 4297 poemata
1896 4218 2031 4301 aliquam
2059 4220 2177 4302 multa,
2211 4221 2344 4287 diversis

610 4322 727 4387 vicibus
749 4320 934 4385 elucubrata
955 4323 987 4383 ct
1008 4317 1094 4382 edita
1104 4318 1144 4399 ⁴).
1186 4316 1356 4397 Postremo,
1376 4319 1413 4379 ut
1428 4315 1481 4379 illa
1502 4333 1625 4397 quoqne
1648 4313 1750 4379 laudis
1773 4320 1806 4380 et
1826 4317 1945 4398 gloriae
1965 4323 2056 4401 parte
2077 4319 2241 4402 frueretur,
2262 4322 2344 4387 inter

609 4422 688 4487 alios
710 4419 750 4483 ad
769 4417 1038 4484 Dordrechtanam
1060 4418 1210 4499 synodum
1230 4415 1427 4499 grandaevus
1448 4414 1573 4517 quidem
1601 4419 1633 4479 ct
1657 4414 1793 4480 LXXIII
1813 4435 1963 4483 annorum
1984 4418 2139 4504 homo³),
2167 4421 2222 4485 scd
2251 4421 2343 4487 viridi

611 4520 786 4603 comprimis
813 4524 941 4584 senecta
966 4522 1000 4583 11
1026 4518 1157 4599 integris
1187 4517 1306 4583 viribus
1333 4516 1517 4579 mittebatur
1528 4516 1566 4595 ⁶).
1616 4513 1716 4595 Huius
1743 4515 1802 4580 viri
1833 4515 1872 4581 de
1895 4516 2092 4601 Philosophia
2120 4519 2224 4586 divina
2250 4521 2342 4603 juxta

610 4627 705 4703 atque
726 4620 861 4685 humana
882 4618 998 4699 optime
1019 4618 1124 4682 meriti
1144 4616 1255 4681 honori
1275 4620 1309 4679 ct
1329 4614 1440 4695 gratiis
1462 4614 1580 4679 isthaec
1600 4613 1729 4694 Eglinus

709 4763 737 4828 l)
757 4761 796 4813 CI.
820 4761 915 4814 Weber
932 4759 1028 4813 Gesch.
1047 4757 1073 4812 d.
1092 4757 1172 4812 stadt.
1191 4755 1430 4811 Gelchrtenscbule
1449 4772 1482 4810 zu
1500 4754 1601 4809 Gussel
1619 4770 1646 4822 p.
1666 4756 1700 4807 118
1717 4768 1774 4823 sqq.

708 4849 737 4915 2)
758 4847 834 4903 Hunc
854 4847 882 4901 in
900 4844 1066 4899 modicorum
1083 4860 1194 4899 numero
1214 4844 1297 4897 hahet
1313 4841 1369 4897 Dil.

709 4936 738 4995 3)
757 4932 879 4985 Goclenii
896 4931 993 4997 imago.

708 5017 842 5087 1111111
866 5017 1028 5083 scriptorum
1052 5015 1087 5069 ab
1111 5030 1143 5070 eo
1165 5014 1298 5070 editorum
1322 5012 1517 5082 qulnquaginta
1540 5018 1655 5080 quatuor
1677 5015 1790 5083 paginas
1818 5015 1880 5070 libri
1905 5016 2081 5073 Stricderiani
2105 5019 2214 5091 Implet,
2245 5021 2342 5089 quibus

610 5105 693 5161 multa
712 5103 845 5159 accedunt
861 5104 889 5157 in
908 5100 1048 5157 addendis.

707 5193 736 5260 ὅ)
754 5190 841 5243 Natus
859 5194 919 5243 erat
935 5186 996 5242 Kal.
1015 5187 1229 5255 1111111547,
1248 5188 1286 5241 ita
1303 5192 1334 5241 ut
1351 5186 1573 5241 Dordrechtsnue
1592 5186 1687 5257 synodi
1705 5192 1866 5257 tempores
1887 5192 1953 5244 1619
1972 5205 2046 5261 eum,
2066 5208 2144 5262 quem
2163 5192 2218 5248 Dil.
2235 5191 2342 5256 inditat,

610 5276 708 5331 aetatis
727 5291 826 5329 annum
845 5281 987 5329 assecutus
1006 5280 1085 5328 esset

708 5361 737 5430 6)
756 5362 883 5427 Sequitur
906 5360 1020 5414 duorum
1042 5375 1168 5413 versuum
1193 5367 1220 5414 et
1245 5357 1347 5412 dimidii
1374 5357 1491 5427 spatium
1520 5358 1581 5414 aliis
1606 5360 1688 5416 rebus
1710 5360 1841 5416 addendis
1863 5361 2038 5434 destInatum,
2069 5380 2150 5434 quum
2179 5368 2243 5433 pon
2270 5363 2342 5418 hunc

609 5448 708 5505 librum
725 5448 880 5502 absolutum
896 5464 921 5503 a.
941 5450 1007 5501 1628
1026 5445 1171 5501 Goelenius
1191 5444 1295 5500 obierit
