5534 6984
2149 859 2189 926 ll

455 1049 630 1134 principum
647 1055 800 1133 perpetua
820 1049 932 1116 ibidem
954 1049 1038 1132 sedo,
1058 1049 1182 1132 quando
1203 1051 1276 1131 igne
1293 1053 1452 1118 incensum
1473 1049 1644 1115 domestico
1664 1067 1748 1115 anno
1763 1045 1921 1114 ucotxl
1938 1045 2143 1129 maflagravit
2162 1052 2196 1113 et

451 1150 578 1216 corruit.
621 1149 648 1214 E
669 1149 801 1214 flammis
823 1155 928 1214 tamen
959 1149 1035 1230 ipsis
1065 1154 1097 1212 et
1117 1150 1270 1216 cineribus
1300 1149 1469 1216 formosius
1492 1149 1606 1214 civium
1631 1147 1788 1214 industria
1809 1148 1937 1214 emersit
1957 1147 2198 1230 quodammodo,

450 1267 543 1332 quam
560 1248 696 1332 juvabat
716 1248 885 1332 plurimum
906 1252 940 1311 et
957 1246 1142 1313 sublevabat
1158 1249 1297 1330 quotidie
1310 1249 1550 1315 adventantium
1567 1247 1740 1312 liberalitas
1758 1248 1919 1312 immensa.
1962 1247 2078 1312 Verum
2095 1245 2195 1312 eladis

450 1348 533 1414 illius
555 1349 696 1429 vestigiis
718 1347 768 1412 vix
788 1346 912 1412 abolitis
937 1347 1036 1412 omnis
1059 1346 1113 1412 illa
1133 1366 1228 1430 opera
1243 1353 1276 1413 et
1289 1349 1449 1430 impensae
1465 1349 1586 1430 periere
1602 1347 1714 1429 denuo,
1736 1352 1833 1429 atque
1848 1348 1923 1412 urbs
1937 1366 2021 1414 1111
2037 1344 2195 1412 Moccxl

451 1448 480 1512 in
503 1447 622 1512 fumum
642 1451 737 1528 atque
759 1445 892 1510 cinerem
914 1463 1006 1512 versa
1028 1451 1076 1511 est
1097 1451 1182 1512 tota:
1215 1449 1261 1512 Ac
1288 1448 1361 1514 licet
1387 1467 1450 1513 aon
1478 1449 1526 1512 ita
1556 1447 1610 1512 diu
1639 1453 1800 1528 prostrata
1823 1445 1958 1527 jacuerit
1986 1452 2018 1513 ot
2050 1447 2196 1512 immersa

450 1545 632 1626 ruderibuS,
661 1545 714 1610 sed
742 1543 913 1610 incolarum
933 1545 1098 1628 praecipue
1128 1547 1232 1612 studio
1260 1551 1293 1612 et
1319 1547 1472 1629 Principis
1495 1546 1614 1611 ‚favore
1651 1563 1690 1610 ex
1719 1545 1872 1611 cineribus
1907 1545 2045 1610 excitata
2073 1546 2116 1610 sit
2144 1545 2195 1610 uel

451 1643 603 1724 secundo,
632 1643 726 1708 cladis
753 1647 858 1708 tamen
888 1647 996 1710 111111
1025 1647 1158 1728 vestigia
1186 1647 1368 1728 superfuere
1397 1648 1521 1712 omnino
1552 1647 1616 1711 diu.
1673 1645 1771 1710 Auxit
1797 1646 1896 1726 igitur
1923 1663 1992 1710 eam
2019 1643 2194 1710 tadoneus

452 1741 706 1808 Mouasteriensis
728 1743 872 1823 praesul,
904 1743 1053 1810 Ottbonis
1075 1750 1108 1810 et
1135 1745 1267 1812 loannis
1294 1747 1474 1829 Principum
1500 1746 1601 1811 frater
1629 1745 1778 1811 aedificiis
1808 1743 1981 1824 magnificis
2010 1762 2048 1810 ac
2069 1744 2101 1809 in
2122 1761 2196 1836 arce
2263 1742 2265 1745 ’

453 1841 613 1908 Sacellum
633 1845 667 1906 et
686 1839 899 1908 Coeaacalum
925 1842 1002 1909 illud
1024 1845 1126 1927 majus
1149 1845 1322 1912 construxit
1352 1865 1435 1912 anno
1456 1845 1646 1926 MCCGXII,
1673 1844 1784 1926 quibus
1813 1850 1926 1926 postea
1946 1843 2131 1910 Wilbelmus
2156 1861 2195 1908 ex

451 1941 620 2008 Hessorum
639 1939 834 2022 Principibus
856 1941 971 2008 Junior
989 1961 1071 2008 anuo
1092 1944 1155 2010 Sal.
1177 1945 1449 2012 MCCCOXXCIV
1466 1945 1588 2011 addidit
1607 1944 1730 2010 Aulam
1747 1943 1782 2008 in
1802 1942 1938 2010 secunda
1956 1959 2032 2008 area
2050 1959 2171 2008 noram.

570 2039 614 2104 Et
635 2039 681 2104 sic
701 2039 814 2121 babes,
834 2041 949 2106 Lector
970 2043 1102 2126 optime,
1124 2045 1287 2110 silentibus
1308 2045 1532 2128 propemodum
1544 2046 1574 2125 *1
1594 2041 1800 2124 scriptoribus
1822 2041 1964 2108 omnibus
1986 2040 2076 2106 initia
2102 2040 2195 2122 huJ‘us

451 2137 537 2204 urbis
557 2143 686 2204 nostrae
708 2144 740 2204 et
760 2141 940 2222 auspiciae
967 2142 1081 2224 quibus
1111 2143 1150 2208 de
1179 2145 1319 2227 ejusdem
1345 2163 1520 2226 progressu
1547 2149 1581 2208 et
1609 2143 1812 2208 increpantes
1843 2141 2056 2222 coniecturam
2081 2157 2196 2223 capere

447 2239 548 2320 possis
568 2237 660 2304 facile
683 2256 787 2320 porro.
829 2239 970 2307 Eventus
993 2259 1069 2307 1111
1091 2243 1230 2308 ostendit
1252 2243 1401 2326 auspiciis
1415 2244 1499 2310 illius
1520 2243 1699 2308 condendae
1714 2259 1777 2306 nou
1790 2241 1892 2306 miuus
1907 2258 2002 2322 quam
2014 2242 2195 2324 progressui

446 2335 629 2403 felicitatem
650 2337 777 2402 1111111
799 2355 907 2405 cursus
931 2340 1113 2424 adjutricem
1136 2341 1302 2410 subfuisse.
1346 2344 1427 2408 Nam
1441 2345 1488 2408 uti
1504 2361 1551 2424 ea,
1572 2360 1654 2424 quae
1668 2342 1775 2422 pravis
1792 2340 2001 2405 instituuntur
2010 2340 2195 2418 rationibus,

447 2435 590 2517 quamvis
613 2435 781 2501 succedant
801 2438 898 2520 initio,
921 2439 1073 2506 infelicem
1096 2445 1202 2506 tamen
1225 2444 1400 2508 sortiuntur
1421 2444 1550 2507 exitum:
1577 2442 1622 2507 ita
1642 2441 1723 2522 illis,
1754 2458 1833 2522 quae
1855 2439 1950 2504 rectis
1982 2439 2195 2522 suscipiuntur

449 2535 595 2616 consiliis,
620 2535 744 2600 etiamsi
765 2553 827 2617 qua
846 2538 965 2604 incidat
990 2539 1166 2622 difficultas,
1188 2559 1278 2623 quem
1301 2549 1455 2624 optamus,
1482 2543 1586 2608 laetus
1616 2539 1743 2606 tandem
1768 2539 1900 2620 11111111
1927 2539 2039 2604 exitus.
2089 2538 2194 2616 Quaa-

446 2651 542 2716 quam
565 2634 782 2726 autemlongo
803 2637 953 2718 postilla
979 2640 1130 2723 auspicia,
1155 2642 1315 2722 ignotiora
1341 2641 1484 2724 quidem,
1515 2647 1654 2723 tempore
1676 2639 1754 2705 nihil
1775 2637 1890 2720 eidem,
1922 2641 2073 2719 quantum
2100 2653 2193 2702 nosse

446 2733 555 2814 liceat,
577 2734 713 2800 accessit
735 2733 854 2801 decoris
877 2742 909 2802 et
929 2737 1127 2820 incrementi,
1155 2740 1257 2806 multo
1284 2747 1390 2808 tamen
1413 2759 1482 2806 curn
1501 2740 1628 2806 foenora
1648 2739 1708 2805 hoc
1733 2744 1846 2821 postea
1865 2737 1927 2803 fuit
1948 2740 2191 2818 compensatum.

446 2833 617 2914 Postquam
639 2834 720 2898 euim
739 2833 914 2902 adolescere
934 2839 1038 2922 coepit
1060 2838 1151 2904 titulo
1174 2845 1207 2904 et
1228 2841 1383 2922 dignitate
1402 2839 1588 2922 Metropolis
1609 2857 1647 2904 ac
1667 2839 1752 2904 sedis
1773 2837 1962 2920 Principum,
1984 2835 2193 2902 condecorata

446 2941 495 2998 est
515 2937 548 2997 et
570 2931 760 3014 amplificata
780 2935 953 3019 coenobiis,
986 2938 1193 3020 nundinisque
1221 2945 1314 3005 aucta
1343 2940 1424 3006 festo
1444 2941 1483 3006 D.
1506 2938 1708 3005 Elisabethae
1738 2937 1790 3002 111
1817 2937 1940 3002 annuis.
1989 2935 2192 3018 1111111111

445 3037 555 3114 postea
577 3039 683 3098 secuta
704 3041 778 3100 sunt
800 3035 936 3117 plurima
956 3037 1048 3119 hujus
1071 3038 1157 3104 urbis
1179 3043 1363 3110 ornamenta
1385 3039 1448 3106 1111
1470 3046 1504 3106 11
1532 3039 1658 3121 quidem
1679 3038 1749 3118 illa,
1777 3036 1942 3120 quaejam
1963 3053 2032 3100 sese
2054 3033 2190 3120 offerunt

447 3137 480 3198 et
500 3131 533 3196 iu
553 3137 700 3214 promptu
728 3139 801 3199 suut
820 3135 1010 3202 Dicaslorio
1040 3142 1073 3202 et
1093 3139 1280 3206 Acadanio.
1322 3139 1381 3205 His
1402 3158 1471 3206 eam
1496 3140 1584 3204 auxit
1610 3137 1771 3219 Philippus
1791 3137 1816 3203 Ι.
1843 3135 2015 3202 Hessorum
2041 3133 2189 3218 Princeps

391 3279 396 3284 -
446 3231 685 3314 Serenissimus,
713 3235 865 3300 11111111
893 3235 946 3301 ille
974 3238 1099 3320 patriae
1120 3245 1249 3304 nostrae
1278 3237 1387 3322 heros,
1419 3239 1474 3322 qui
1502 3239 1596 3321 plura
1628 3238 1667 3304 de
1695 3254 1776 3302 novo
1804 3235 1854 3301 hic
1883 3236 2022 3301 extrrmit
2041 3233 2190 3316 aedificia,

446 3331 579 3414 plurima
600 3349 722 3414 quoque
744 3336 911 3417 reparavit,
935 3337 980 3401 ita
1002 3343 1037 3403 ut
1060 3338 1231 3404 commodis
1253 3344 1286 3404 et
1304 3339 1521 3404 emolumentis
1542 3337 1630 3403 urbis
1651 3337 1784 3402 serviret
1806 3335 1931 3419 ubique.
1973 3335 2089 3401 Verum
2110 3334 2189 3400 illud

447 3430 577 3496 caeteris
597 3437 739 3512 praestat
761 3433 855 3516 longe
876 3434 1068 3519 beneficium,
1090 3437 1174 3520 quod
1195 3455 1266 3504 cum
1277 3437 1377 3504 Musis
1401 3439 1434 3503 in
1446 3438 1561 3503 Hassia
1581 3435 1734 3518 deligeret
1755 3433 1872 3517 sedern,
1891 3433 1973 3499 hauc
1993 3434 2190 3516 potissimum

449 3529 659 3612 seponendam
681 3533 841 3598 censuerit
858 3533 974 3618 urbem,
995 3535 1027 3600 11
1050 3554 1112 3618 111
1126 3537 1264 3602 scholam
1284 3537 1440 3620 publicam
1458 3537 1580 3618 magnis
1599 3553 1730 3618 prorsus
1750 3535 1892 3616 aperiret
1908 3534 2065 3615 impensis.
2107 3533 2191 3599 Nam

446 3629 664 3712 hocequidem
687 3629 871 3698 beneficium
890 3639 1015 3699 tantum
1037 3640 1102 3716 est,
1123 3641 1161 3700 ut
1183 3637 1445 3717 quemadmodum
1466 3638 1499 3702 11
1520 3635 1667 3717 11111**)
1687 3635 1760 3700 solis
1782 3634 1910 3714 stellae,
1930 3633 1963 3698 in
1983 3632 2075 3716 hujus
2095 3633 2190 3698 nnius

447 3729 615 3811 splendore
632 3747 672 3796 ne
693 3730 813 3815 reliqua
835 3731 959 3814 quidem
981 3739 1153 3800 cernantur
1174 3741 1367 3801 ornamenta.
1418 3735 1511 3802 Certe
1537 3736 1565 3801 si
1587 3735 1698 3800 tritum
1719 3749 1860 3800 sermone
1879 3731 2081 3814 proverbium
2102 3731 2189 3811 11111,

445 3847 505 3912 111
527 3829 722 3911 sapientiam
742 3833 950 3916 adjudicium
970 3853 1040 3899 cora
1062 3841 1166 3900 caetae
1189 3855 1326 3901 crescere
1352 3835 1498 3917 dicimus,
1527 3835 1567 3900 de
1593 3833 1653 3900 hac
1679 3851 1800 3916 quoque
1829 3833 1957 3898 civitate
1984 3831 2189 3913 proferamus,

445 3927 533 3994 haud
555 3929 690 4010 ineptire
711 3930 882 3997 videbimur
902 3934 1020 4015 magis,
1047 3951 1141 4016 quam
1162 3934 1296 4016 Seneca,
1326 3935 1454 4017 quando
1476 3935 1636 4000 deitatum
1660 3940 1805 4016 tempora
1827 3937 1923 4014 atque
1943 3932 2011 3997 fata
2031 3949 2189 4011 1111111

445 4029 602 4094 homiuum
629 4029 872 4114 111111111***)
900 4031 984 4099 dicit.
1040 4033 1202 4111 Quomodo
1230 4035 1313 4099 enim
1341 4035 1497 4116 sapientia
1522 4034 1623 4115 magis
1653 4033 1764 4098 instrui
1793 4038 1825 4097 et
1852 4031 1967 4114 J’udicio
2001 4030 2124 4095 meliori
2151 4049 2189 4094 ac

446 4129 559 4194 saniori
581 4130 685 4211 potuit
710 4129 870 4196 informari
892 4135 989 4215 atquc
1018 4131 1077 4199 hoc
1098 4133 1220 4216 Lycaeo
1241 4133 1425 4215 publicaque
1445 4131 1504 4198 hac
1527 4133 1656 4198 schola?
1684 4150 1763 4215 quae
1785 4131 1874 4215 cujus
1895 4130 2046 4212 impulsa,
2076 4129 2188 4211 quibus

447 4229 574 4311 mediis,
595 4227 636 4293 11
658 4235 744 4318 cujus
766 4251 907 4297 normam
929 4237 963 4297 et
979 4232 1111 4298 formam
1133 4233 1297 4316 instituta,
1324 4233 1479 4316 quomodo
1503 4232 1701 4312 introducta,
1722 4231 1834 4312 quibus
1853 4229 2024 4314 privilegiis
2042 4234 2075 4294 et
2095 4227 2188 4294 bene-

446 4335 533 4420 ficiis,
554 4333 708 4401 reditibus
729 4331 824 4398 fuerit
845 4331 989 4412 adaucta,
1010 4333 1131 4416 quot†)
1153 4339 1186 4398 et
1208 4331 1320 4416 quibus
1342 4329 1573 4398 Professoribus
1597 4329 1777 4398 excelluerit
1797 4330 1965 4412 hacteuus,
1984 4335 2135 4411 sequetur
2154 4329 2187 4394 in

446 4435 546 4500 altera
564 4435 657 4518 hujus
678 4433 750 4498 libri
770 4437 869 4514 parte.
918 4431 999 4497 Illud
1021 4431 1120 4498 solum
1148 4433 1197 4498 hic
1218 4431 1300 4498 1111
1322 4439 1354 4496 11
1381 4430 1540 4498 affirmare
1562 4429 1679 4514 audeo,
1706 4430 1788 4495 hanc
1806 4429 2006 4496 Academiam
2025 4447 2096 4494 cum
2117 4429 2187 4494 aliis

445 4542 511 4600 tam
532 4535 691 4602 ueteribus
711 4551 803 4616 quam
828 4531 1069 4612 recentioribus,
1095 4549 1176 4616 quac
1203 4532 1321 4622 passim
1348 4549 1411 4598 111
1438 4549 1558 4615 paucae
1586 4531 1757 4596 1111111111
1782 4529 2006 4612 nobilissimae,
2040 4529 2187 4594 collatam

445 4633 520 4699 nulli
540 4635 590 4700 rel
611 4635 752 4699 utilitate
773 4633 822 4698 vel
844 4632 1023 4698 celebritate
1045 4649 1114 4698 esse
1137 4631 1312 4697 secundam.

566 4733 762 4798 Praestituta
782 4732 944 4814 insupera
961 4731 1114 4814 Philippo
1130 4741 1162 4797 et
1177 4729 1239 4796 filio
1262 4731 1428 4798 bisildelmo
1447 4730 1498 4795 hic
1515 4730 1576 4796 loci
1595 4734 1671 4794 sunt
1686 4729 1876 4796 Dicaeteria
1894 4734 1929 4795 et
1944 4726 2080 4794 Jadr'cia
2100 4733 2186 4792 certa

445 4841 478 4899 et
499 4832 654 4913 solennia,
677 4833 709 4898 in
732 4831 844 4915 quibus
861 4831 987 4916 justitia
1009 4849 1048 4895 ex
1076 4847 1176 4914 aequo
1199 4831 1344 4897 omnibus
1373 4831 1440 4896 siue
1468 4828 1533 4895 ulla
1553 4827 1822 4918 προσωποληψία
1841 4827 2092 4907 administratur,
2123 4843 2185 4908 quo

444 4933 588 4998 instituto
610 4931 651 4995 11
672 4931 859 4996 dirimendas
879 4929 1106 4996 controuersias
1129 4933 1229 4995 motas
1252 4929 1329 4994 nibil
1350 4930 1467 5009 utilius,
1489 4928 1565 4994 nihil
1585 4926 1627 4993 ad
1645 4945 1754 5010 pacem
1766 4926 1924 5009 publicam
1941 4926 2185 4992 conservandam

444 5033 559 5114 aptius,
580 5029 659 5095 adeo
680 5036 714 5098 ut
736 5029 794 5096 hac
813 5030 934 5096 ratione
952 5029 1077 5112 justitia
1105 5035 1138 5096 ct
1158 5047 1221 5110 pax
1247 5047 1317 5094 sese
1337 5029 1388 5096 hic
1416 5029 1637 5095 exosculantur
1664 5028 1805 5094 invicem.
1854 5026 2062 5092 Accesserant
2088 5045 2183 5108 porro

444 5132 514 5198 huic
534 5129 603 5197 urbi
624 5131 773 5210 temporis
793 5147 964 5212 progressa
979 5135 1012 5196 et
1026 5127 1089 5195 alia
1105 5129 1287 5211 neutiquam
1301 5129 1537 5210 contemnenda,
1555 5128 1612 5196 sed
1633 5127 1831 5211 suspicienda
1844 5143 1974 5208 prorsus
1989 5133 2183 5206 ornamenta,

547 5366 576 5436 *J
612 5365 666 5420 Dil.
687 5365 796 5434 scripsit
810 5363 979 5436 promeritam.

535 5451 579 5518 ”i
597 5451 657 5508 lloc
674 5451 734 5507 loco
754 5453 856 5508 inserta
872 5459 914 5508 est
931 5453 1019 5522 imapo
1038 5453 1159 5524 Philippi
1178 5452 1348 5524 emigravit.

520 5537 580 5607 W)
597 5537 690 5608 Imago
706 5537 844 5594 Guilielmi
861 5537 908 5594 IV.
927 5539 1071 5610 Sapientis.

553 5622 584 5692 †l
603 5623 700 5694 Imago
716 5624 847 5682 Ludorioi
866 5625 993 5682 senioris.
