5534 6984
548 2590 694 2676 Exstat
710 2595 745 2669 in
761 2594 971 2670 bibliotheca
986 2601 1109 2668 nostra
1133 2593 1330 2668 academica
1345 2595 1572 2669 Wilbelmi
1587 2597 1795 2689 Dilicbii,
1819 2599 1969 2689 spectati
1988 2600 2052 2672 snb
2070 2600 2171 2674 biau-

431 2719 512 2790 ritio
530 2717 752 2808 Landgravio
768 2717 917 2790 Hassiae
939 2717 1097 2790 historici
1121 2723 1156 2790 et
1181 2718 1382 2810 geographi,
1409 2719 1498 2792 iiber
1520 2720 1580 2810 qni
1598 2720 1800 2793 inscribitur
1827 2718 1916 2792 Urbs
1934 2727 1967 2794 ct
1990 2723 2169 2794 academia

429 2839 689 2934 Marporpcnsis
711 2843 883 2912 marineio
906 2839 1080 2934 descripto
1104 2846 1137 2912 ct
1169 2843 1258 2934 typis
1287 2842 1489 2936 efformata,
1521 2846 1665 2932 praeter
1694 2849 1774 2914 octo
1806 2844 1952 2933 paginas
1984 2845 2077 2934 typis
2107 2845 2171 2915 im·

431 2981 571 3054 pressas
594 2962 703 3053 ipsius
725 2982 828 3034 manu
861 2961 1067 3034 nitidissime
1100 2968 1283 3034 exaratus:
1320 2963 1576 3054 autographum
1606 2963 1696 3034 enim
1723 2983 1817 3056 esse,
1852 2965 1987 3041 etiamsi
2018 2968 2170 3059 antiquis

431 3085 603 3174 virorum,
640 3085 701 3175 qui
736 3103 776 3157 eo
808 3084 864 3156 usi
896 3090 994 3176 sunt,
1028 3085 1235 3158 testimoniis
1270 3081 1427 3157 diffidere
1457 3085 1594 3177 liceret,
1630 3088 1842 3176 comparatio
1878 3107 1956 3159 cum
1989 3083 2100 3156 literis
2134 3082 2170 3153 in

432 3206 603 3279 tabulario
633 3207 805 3296 camerali,
832 3205 925 3298 quod
954 3205 1115 3279 cassellis
1137 3213 1202 3300 est,
1229 3204 1398 3298 depositis
1420 3208 1581 3280 instituta
1602 3207 1783 3280 manifesto
1809 3207 2011 3280 declaravit.
2061 3201 2170 3292 Quem

432 3329 558 3401 librum
591 3349 669 3400 cum
693 3329 762 3400 iam
787 3349 818 3400 a.
844 3327 981 3400 Muuv
1007 3329 1043 3400 in
1068 3329 1182 3418 prima
1215 3325 1464 3402 chronicorum
1487 3329 1736 3403 Hassiacorum
1769 3329 1921 3405 editione
1953 3350 1988 3420 p.
2020 3329 2086 3398 101
2115 3325 2170 3397 bis

430 3450 546 3522 verbis
571 3455 893 3524 commemorasset:
920 3451 984 3522 dos
1007 3449 1103 3544 strip
1126 3451 1196 3523 tau
1221 3451 1283 3524 der
1296 3453 1387 3524 deser
1402 3476 1466 3524 aas
1483 3453 1556 3525 dem
1571 3451 1761 3526 bcaoadcra
1778 3451 1911 3526 bacbiiu
1923 3451 2014 3523 cond
2028 3453 2168 3534 tractat,

429 3573 578 3646 malebam
608 3573 664 3644 ieb
694 3593 760 3644 ooo
790 3573 901 3646 dieser
924 3574 1015 3644 studi
1047 3573 1137 3644 cnud
1166 3571 1277 3644 doben
1309 3574 1406 3646 sebui
1435 3573 1672 3667 gescbra‘cben,
1704 3575 1913 3669 weitlcofflig
1944 3571 2096 3659 mooun,
2122 3607 2167 3620 -

431 3715 616 3785 numquam
641 3695 676 3766 in
700 3695 812 3765 lucem
838 3693 947 3765 edidit
973 3693 1140 3766 Dilichius
1164 3713 1276 3785 neque
1302 3693 1347 3766 ad
1373 3693 1477 3766 mern
1502 3695 1683 3787 perduxit,
1721 3715 1929 3787 quamquam
1962 3689 2170 3784 particulam

431 3817 505 3887 eius
528 3817 626 3906 prelo
654 3815 829 3905 submisit,
861 3815 897 3887 id
923 3814 1014 3908 quod
1039 3836 1082 3888 ex
1103 3817 1179 3907 ipso
1206 3821 1327 3889 nostro
1361 3815 1480 3889 codice
1505 3818 1745 3910 cognoscitur,
1770 3816 1831 3889 ubi
1854 3835 1896 3888 ea
1920 3834 2010 3906 quac
2038 3812 2169 3886 calamo

430 3941 562 4028 scripta
590 3943 671 4010 sunt
702 3937 747 4010 ad
779 3937 954 4028 plagulam
984 3939 1078 4029 typis
1112 3937 1325 4028 descriptam
1357 3939 1551 4012 arctissime
1586 3960 1624 4011 se
1656 3939 1841 4030 applicant.
1901 3937 2018 4029 Ipsam
2050 3953 2170 4008 rerum

430 4057 732 4150 Marburgensium
755 4060 1002 4152 condicionem,
1031 4061 1168 4151 qualem
1188 4059 1248 4132 illa
1269 4067 1387 4134 aetate
1409 4062 1516 4134 titisse
1542 4065 1695 4156 constat,
1725 4059 1947 4152 impedivisse
1971 4079 2066 4150 eum,
2100 4077 2169 4149 qno

430 4183 542 4254 minus
567 4202 654 4272 opus
679 4189 879 4272 susceptum
904 4181 1097 4274 perficeret,
1123 4183 1199 4256 veri
1223 4183 1334 4254 simile
1356 4188 1429 4274 est3
1455 4189 1578 4274 postea
1605 4184 1792 4256 accessisse
1819 4181 1959 4254 videtur
1982 4179 2170 4270 magnoin

431 4321 534 4393 quam
551 4324 582 4375 a.
600 4303 804 4376 MDGXXII
822 4303 915 4395 apud
941 4305 1132 4395 principem
1155 4304 1249 4377 baud
1273 4325 1354 4377 raro
1379 4305 1619 4378 inclementem
1642 4303 1813 4376 inciderat
1838 4302 1967 4375 offensa
1992 4302 2050 4395 (cf.
2073 4300 2170 4373 Zeit-

431 4424 554 4497 schrift
576 4425 637 4497 des
659 4425 808 4498 Vereins
832 4425 888 4498 fiir
915 4425 1006 4498 hess.
1026 4423 1151 4499 Gescb.
1176 4427 1204 4518 I,
1228 4447 1262 4517 p.
1284 4430 1351 4498 119
1370 4427 1471 4520 squ),
1498 4448 1586 4519 quae
1608 4432 1690 4518 post
1712 4427 1910 4498 diuturnam
1930 4425 2170 4514 captivitatem

432 4543 477 4614 ad
492 4549 642 4634 patriam
655 4547 858 4620 Hassiacam
868 4569 944 4620 curn
954 4547 1105 4621 Saxonis
1120 4547 1385 4638 permutandam
1400 4569 1431 4620 a.
1444 4548 1648 4621 MDCXXV
1658 4569 1736 4620 eurn
1751 4547 1937 4620 commovit
1953 4546 2001 4639 (v.
2012 4541 2170 4616 Strieder

431 4665 533 4739 Hess.
561 4665 894 4742 Gelehrten-Gesch.
927 4669 989 4762 III,
1021 4691 1055 4760 p.
1088 4672 1160 4763 84).
1219 4669 1310 4742 Nam
1343 4672 1412 4744 isto
1439 4670 1514 4742 fere
1543 4677 1701 4760 tempore
1733 4670 1918 4741 mammam
1954 4667 2056 4738 buius
2087 4665 2168 4736 libri

431 4793 569 4879 partem
595 4789 631 4862 iu
656 4809 732 4863 eam
757 4812 860 4882 quam
882 4813 972 4864 nunc
987 4791 1094 4865 habet
1117 4793 1263 4864 formam
1286 4811 1362 4866 esse
1386 4791 1577 4883 redactam,
1600 4799 1637 4864 et
1660 4797 1837 4864 rectorum
1860 4774 2036 4879 catalogus
2062 4785 2166 4858 docet

431 4909 525 4982 ultra
551 4929 676 4986 annum
688 4913 893 4986 MDGXXII
908 4936 976 4988 nou
997 4911 1199 5006 procedens,
1224 4921 1260 4987 et
1276 4935 1444 4987 annorum
1460 4914 1594 4986 notatio
1613 4933 1721 5004 usque
1738 4911 1865 4984 adhoc
1881 4917 2014 4982 tantum
2032 4915 2169 4998 tempus

432 5032 519 5104 satis
548 5038 653 5104 certa.
707 5027 832 5127 Neque
867 5041 983 5108 tamen
1020 5037 1056 5108 in
1089 5037 1157 5108 isto
1192 5056 1279 5108 anno
1311 5055 1431 5108 rerum
1465 5043 1687 5108 narratarum
1723 5035 1832 5107 series
1874 5031 2051 5120 subsistit3
2089 5049 2169 5101 nam

432 5158 575 5244 praeter
601 5153 670 5227 alia
703 5177 791 5246 quae
822 5164 947 5249 postea
970 5162 1159 5230 evenerunt
1185 5157 1220 5230 in
1245 5158 1321 5249 ipso
1343 5159 1522 5250 prooemio
1554 5156 1738 5230 laudantru
1763 5154 1905 5245 Georgii
1929 5148 2169 5224 Darmstadiui

432 5273 664 5368 Landgravii,
691 5279 749 5367 qui
772 5299 803 5350 a.
833 5277 1055 5354 MDGXXVI
1078 5280 1262 5371 imperinm
1288 5281 1459 5372 suscepit,
1484 5280 1521 5351 in
1546 5279 1757 5352 academiam
1783 5275 1907 5348 Giessa
1940 5273 2169 5362 Marburgum

433 5397 638 5471 translatam
663 5400 798 5472 merita.
849 5403 898 5473 At
922 5422 1011 5495 quae
1033 5423 1074 5475 eo
1098 5400 1238 5474 demum
1263 5407 1421 5492 tempore
1443 5401 1549 5474 scribi
1572 5404 1773 5491 potueruut,
1799 5418 1866 5489 quo
1892 5393 2051 5470 Dresdae
2077 5413 2167 5465 com·

432 5526 589 5593 moratus
613 5527 668 5595 est
691 5521 869 5614 Dilichius,
895 5526 1007 5598 minus
1030 5528 1190 5597 accurate
1220 5543 1298 5598 eum
1322 5530 1545 5614 persecutum
1571 5542 1665 5613 esse,
1693 5521 1750 5594 vel
1774 5518 1854 5592 inde
1882 5523 2049 5609 apparet,
2076 5511 2169 5606 quod
