<?xml version="1.0" encoding="UTF-8"?>
<!DOCTYPE html PUBLIC "-//W3C//DTD XHTML 1.0 Transitional//EN"
    "http://www.w3.org/TR/xhtml1/DTD/xhtml1-transitional.dtd">
<html xmlns="http://www.w3.org/1999/xhtml" xml:lang="en" lang="en">
 <head>
  <title>
</title>
<meta http-equiv="Content-Type" content="text/html;charset=utf-8" />
  <meta name='ocr-system' content='tesseract 3.04.00' />
  <meta name='ocr-capabilities' content='ocr_page ocr_carea ocr_par ocr_line ocrx_word'/>
</head>
<body>
  <div class='ocr_page' id='page_1' title='image "./urbsetacademiam02caesgoog_0066.png"; bbox 0 0 5534 6984; ppageno 0'>
   <div class='ocr_carea' id='block_1_1' title="bbox 596 860 642 927">
    <p class='ocr_par' dir='ltr' id='par_1_1' title="bbox 596 860 642 927">
     <span class='ocr_line' id='line_1_1' title="bbox 596 860 642 927; baseline 0 0"><span class='ocrx_word' id='word_1_1' title='bbox 596 860 642 927; x_wconf 80' lang='grc'>62</span> 
     </span>
    </p>
   </div>
   <div class='ocr_carea' id='block_1_2' title="bbox 596 1057 2340 1839">
    <p class='ocr_par' dir='ltr' id='par_1_2' title="bbox 596 1057 2340 1839">
     <span class='ocr_line' id='line_1_2' title="bbox 597 1057 2338 1143; baseline -0.002 -14"><span class='ocrx_word' id='word_1_2' title='bbox 597 1062 734 1129; x_wconf 89' lang='lat' dir='ltr'>secunda</span> <span class='ocrx_word' id='word_1_3' title='bbox 760 1063 825 1143; x_wconf 88' lang='lat' dir='ltr'>jam</span> <span class='ocrx_word' id='word_1_4' title='bbox 853 1060 920 1123; x_wconf 90' lang='lat' dir='ltr'>vice</span> <span class='ocrx_word' id='word_1_5' title='bbox 946 1057 1088 1122; x_wconf 85' lang='lat' dir='ltr'>Rectoris</span> <span class='ocrx_word' id='word_1_6' title='bbox 1116 1058 1302 1124; x_wconf 79' lang='lat' dir='ltr'><strong>Academiae</strong></span> <span class='ocrx_word' id='word_1_7' title='bbox 1316 1061 1344 1139; x_wconf 87' lang='lat'>¹)</span> <span class='ocrx_word' id='word_1_8' title='bbox 1370 1078 1484 1125; x_wconf 90' lang='lat' dir='ltr'>munus</span> <span class='ocrx_word' id='word_1_9' title='bbox 1514 1059 1718 1141; x_wconf 83' lang='lat' dir='ltr'>obtinuisset,</span> <span class='ocrx_word' id='word_1_10' title='bbox 1749 1076 1830 1124; x_wconf 86' lang='lat' dir='ltr'>anno</span> <span class='ocrx_word' id='word_1_11' title='bbox 1853 1058 2003 1124; x_wconf 85' lang='lat' dir='ltr'>MDXXC</span> <span class='ocrx_word' id='word_1_12' title='bbox 2029 1060 2125 1141; x_wconf 89' lang='lat' dir='ltr'>ipsius</span> <span class='ocrx_word' id='word_1_13' title='bbox 2152 1060 2338 1126; x_wconf 88' lang='lat' dir='ltr'>Rectoratus</span> 
     </span>
     <span class='ocr_line' id='line_1_3' title="bbox 598 1156 2339 1242; baseline -0.002 -13"><span class='ocrx_word' id='word_1_14' title='bbox 598 1163 707 1229; x_wconf 83' lang='lat' dir='ltr'>statim</span> <span class='ocrx_word' id='word_1_15' title='bbox 727 1160 818 1225; x_wconf 86' lang='lat' dir='ltr'>initio</span> <span class='ocrx_word' id='word_1_16' title='bbox 834 1156 1076 1238; x_wconf 86' lang='lat' dir='ltr'>Heidelbergam</span> <span class='ocrx_word' id='word_1_17' title='bbox 1092 1157 1133 1221; x_wconf 91' lang='lat' dir='ltr'>sd</span> <span class='ocrx_word' id='word_1_18' title='bbox 1147 1159 1328 1238; x_wconf 85' lang='lat' dir='ltr'>primariam</span> <span class='ocrx_word' id='word_1_19' title='bbox 1339 1160 1419 1242; x_wconf 90' lang='lat' dir='ltr'>juris</span> <span class='ocrx_word' id='word_1_20' title='bbox 1434 1157 1658 1241; x_wconf 83' lang='lat' dir='ltr'>professionem</span> <span class='ocrx_word' id='word_1_21' title='bbox 1673 1159 1820 1224; x_wconf 94' lang='lat' dir='ltr'>inlocum</span> <span class='ocrx_word' id='word_1_22' title='bbox 1835 1158 1975 1241; x_wconf 84' lang='lat' dir='ltr'>Hugonis</span> <span class='ocrx_word' id='word_1_23' title='bbox 1992 1159 2114 1224; x_wconf 93' lang='lat' dir='ltr'>Donelli</span> <span class='ocrx_word' id='word_1_24' title='bbox 2130 1161 2298 1226; x_wconf 83' lang='lat' dir='ltr'>arcessitus</span> <span class='ocrx_word' id='word_1_25' title='bbox 2309 1164 2339 1242; x_wconf 57' lang='grc' dir='ltr'>ἱ)</span> 
     </span>
     <span class='ocr_line' id='line_1_4' title="bbox 597 1256 2339 1343; baseline -0.003 -14"><span class='ocrx_word' id='word_1_26' title='bbox 597 1282 649 1343; x_wconf 93' lang='lat' dir='ltr'>eo,</span> <span class='ocrx_word' id='word_1_27' title='bbox 671 1261 766 1343; x_wconf 87' lang='lat' dir='ltr'>Gopio</span> <span class='ocrx_word' id='word_1_28' title='bbox 784 1260 817 1324; x_wconf 90' lang='lat' dir='ltr'>in</span> <span class='ocrx_word' id='word_1_29' title='bbox 837 1258 964 1323; x_wconf 89' lang='lat' dir='ltr'>honoris</span> <span class='ocrx_word' id='word_1_30' title='bbox 983 1257 1084 1322; x_wconf 90' lang='lat' dir='ltr'>locum</span> <span class='ocrx_word' id='word_1_31' title='bbox 1105 1256 1253 1338; x_wconf 82' lang='lat' dir='ltr'>suffecto,</span> <span class='ocrx_word' id='word_1_32' title='bbox 1274 1260 1430 1331; x_wconf 81' lang='lat' dir='ltr'>concedit.</span> <span class='ocrx_word' id='word_1_33' title='bbox 1450 1277 1547 1341; x_wconf 93' lang='lat' dir='ltr'>quum</span> <span class='ocrx_word' id='word_1_34' title='bbox 1569 1259 1732 1341; x_wconf 87' lang='lat' dir='ltr'>quinquies</span> <span class='ocrx_word' id='word_1_35' title='bbox 1753 1266 1826 1324; x_wconf 89' lang='lat' dir='ltr'>ante</span> <span class='ocrx_word' id='word_1_36' title='bbox 1847 1260 1876 1324; x_wconf 87' lang='lat' dir='ltr'>J.</span> <span class='ocrx_word' id='word_1_37' title='bbox 1895 1258 1931 1324; x_wconf 95' lang='lat' dir='ltr'>U.</span> <span class='ocrx_word' id='word_1_38' title='bbox 1947 1260 2102 1324; x_wconf 84' lang='lat' dir='ltr'>Doctores</span> <span class='ocrx_word' id='word_1_39' title='bbox 2123 1260 2339 1325; x_wconf 82' lang='lat' dir='ltr'>renunciasset</span> 
     </span>
     <span class='ocr_line' id='line_1_5' title="bbox 596 1351 2339 1443; baseline -0.002 -17"><span class='ocrx_word' id='word_1_40' title='bbox 596 1361 728 1443; x_wconf 84' lang='lat' dir='ltr'>publice.</span> <span class='ocrx_word' id='word_1_41' title='bbox 771 1359 833 1425; x_wconf 89' lang='lat' dir='ltr'>Sed</span> <span class='ocrx_word' id='word_1_42' title='bbox 853 1374 911 1423; x_wconf 88' lang='lat' dir='ltr'>nec</span> <span class='ocrx_word' id='word_1_43' title='bbox 933 1351 1161 1441; x_wconf 84' lang='lat' dir='ltr'>Heidelbergae</span> <span class='ocrx_word' id='word_1_44' title='bbox 1184 1359 1354 1423; x_wconf 84' lang='lat' dir='ltr'>admodum</span> <span class='ocrx_word' id='word_1_45' title='bbox 1375 1359 1428 1423; x_wconf 94' lang='lat' dir='ltr'>diu</span> <span class='ocrx_word' id='word_1_46' title='bbox 1451 1359 1599 1442; x_wconf 83' lang='lat' dir='ltr'>perstitit.</span> <span class='ocrx_word' id='word_1_47' title='bbox 1643 1359 1723 1423; x_wconf 88' lang='lat' dir='ltr'>Nam</span> <span class='ocrx_word' id='word_1_48' title='bbox 1746 1377 1827 1423; x_wconf 92' lang='lat' dir='ltr'>anno</span> <span class='ocrx_word' id='word_1_49' title='bbox 1851 1358 1960 1439; x_wconf 90' lang='lat' dir='ltr'>quinto</span> <span class='ocrx_word' id='word_1_50' title='bbox 1982 1363 2055 1438; x_wconf 90' lang='lat' dir='ltr'>post</span> <span class='ocrx_word' id='word_1_51' title='bbox 2076 1358 2283 1424; x_wconf 86' lang='lat' dir='ltr'>Wormaciam</span> <span class='ocrx_word' id='word_1_52' title='bbox 2305 1378 2339 1424; x_wconf 90' lang='lat' dir='ltr'>se</span> 
     </span>
     <span class='ocr_line' id='line_1_6' title="bbox 597 1457 2339 1540; baseline -0.002 -14"><span class='ocrx_word' id='word_1_53' title='bbox 597 1459 746 1539; x_wconf 87' lang='lat' dir='ltr'>contulit,</span> <span class='ocrx_word' id='word_1_54' title='bbox 768 1458 825 1524; x_wconf 93' lang='lat' dir='ltr'>ubi</span> <span class='ocrx_word' id='word_1_55' title='bbox 845 1457 1007 1539; x_wconf 86' lang='lat' dir='ltr'>usquead</span> <span class='ocrx_word' id='word_1_56' title='bbox 1028 1473 1142 1521; x_wconf 90' lang='lat' dir='ltr'>annum</span> <span class='ocrx_word' id='word_1_57' title='bbox 1164 1457 1311 1523; x_wconf 84' lang='lat' dir='ltr'>Mnxov</span> <span class='ocrx_word' id='word_1_58' title='bbox 1333 1464 1541 1524; x_wconf 88' lang='lat' dir='ltr'>commoratus</span> <span class='ocrx_word' id='word_1_59' title='bbox 1563 1476 1690 1539; x_wconf 87' lang='lat' dir='ltr'>operam</span> <span class='ocrx_word' id='word_1_60' title='bbox 1712 1475 1800 1521; x_wconf 89' lang='lat' dir='ltr'>suam</span> <span class='ocrx_word' id='word_1_61' title='bbox 1820 1457 2007 1522; x_wconf 83' lang='lat' dir='ltr'>Academiae</span> <span class='ocrx_word' id='word_1_62' title='bbox 2028 1457 2133 1522; x_wconf 88' lang='lat' dir='ltr'>Juliae</span> <span class='ocrx_word' id='word_1_63' title='bbox 2154 1458 2286 1540; x_wconf 80' lang='lat' dir='ltr'>addixit,</span> <span class='ocrx_word' id='word_1_64' title='bbox 2307 1460 2339 1523; x_wconf 94' lang='lat' dir='ltr'>in</span> 
     </span>
     <span class='ocr_line' id='line_1_7' title="bbox 597 1555 2340 1642; baseline -0.002 -16"><span class='ocrx_word' id='word_1_65' title='bbox 597 1576 659 1642; x_wconf 87' lang='lat' dir='ltr'>qua</span> <span class='ocrx_word' id='word_1_66' title='bbox 679 1558 880 1641; x_wconf 89' lang='lat' dir='ltr'>postmodum</span> <span class='ocrx_word' id='word_1_67' title='bbox 897 1555 1034 1621; x_wconf 91' lang='lat' dir='ltr'>omniurn</span> <span class='ocrx_word' id='word_1_68' title='bbox 1049 1555 1243 1622; x_wconf 88' lang='lat' dir='ltr'>eruditorum</span> <span class='ocrx_word' id='word_1_69' title='bbox 1259 1559 1447 1638; x_wconf 88' lang='lat' dir='ltr'>testimonio,</span> <span class='ocrx_word' id='word_1_70' title='bbox 1469 1575 1539 1623; x_wconf 91' lang='lat' dir='ltr'>cum</span> <span class='ocrx_word' id='word_1_71' title='bbox 1553 1557 1732 1638; x_wconf 87' lang='lat' dir='ltr'>prudentia,</span> <span class='ocrx_word' id='word_1_72' title='bbox 1754 1557 1904 1637; x_wconf 86' lang='lat' dir='ltr'>acumine,</span> <span class='ocrx_word' id='word_1_73' title='bbox 1925 1562 2094 1621; x_wconf 88' lang='lat' dir='ltr'>venustate</span> <span class='ocrx_word' id='word_1_74' title='bbox 2109 1564 2142 1621; x_wconf 87' lang='lat' dir='ltr'>et</span> <span class='ocrx_word' id='word_1_75' title='bbox 2158 1558 2340 1637; x_wconf 87' lang='lat' dir='ltr'>subtilitate,</span> 
     </span>
     <span class='ocr_line' id='line_1_8' title="bbox 599 1655 2340 1740; baseline -0.002 -16"><span class='ocrx_word' id='word_1_76' title='bbox 599 1665 666 1724; x_wconf 86' lang='lat' dir='ltr'>tum</span> <span class='ocrx_word' id='word_1_77' title='bbox 681 1676 757 1723; x_wconf 84' lang='lat' dir='ltr'>sero</span> <span class='ocrx_word' id='word_1_78' title='bbox 772 1655 970 1737; x_wconf 83' lang='lat' dir='ltr'>eloquentia,</span> <span class='ocrx_word' id='word_1_79' title='bbox 989 1655 1144 1720; x_wconf 83' lang='lat' dir='ltr'>serietate</span> <span class='ocrx_word' id='word_1_80' title='bbox 1164 1662 1198 1721; x_wconf 92' lang='lat' dir='ltr'>et</span> <span class='ocrx_word' id='word_1_81' title='bbox 1213 1658 1303 1740; x_wconf 91' lang='lat' dir='ltr'>copia</span> <span class='ocrx_word' id='word_1_82' title='bbox 1317 1656 1407 1722; x_wconf 84' lang='lat' dir='ltr'>facile</span> <span class='ocrx_word' id='word_1_83' title='bbox 1427 1658 1573 1738; x_wconf 90' lang='lat' dir='ltr'>princeps</span> <span class='ocrx_word' id='word_1_84' title='bbox 1594 1674 1611 1720; x_wconf 89' lang='lat' dir='ltr'>e</span> <span class='ocrx_word' id='word_1_85' title='bbox 1629 1655 1730 1737; x_wconf 91' lang='lat' dir='ltr'>prima</span> <span class='ocrx_word' id='word_1_86' title='bbox 1749 1655 1899 1720; x_wconf 88' lang='lat' dir='ltr'>cathedra</span> <span class='ocrx_word' id='word_1_87' title='bbox 1917 1657 1970 1737; x_wconf 79' lang='lat' dir='ltr'>Jus</span> <span class='ocrx_word' id='word_1_88' title='bbox 1987 1656 2091 1722; x_wconf 92' lang='lat' dir='ltr'>docuit</span> <span class='ocrx_word' id='word_1_89' title='bbox 2112 1660 2208 1737; x_wconf 88' lang='lat' dir='ltr'>atque</span> <span class='ocrx_word' id='word_1_90' title='bbox 2227 1657 2340 1725; x_wconf 90' lang='lat' dir='ltr'>ibidem</span> 
     </span>
     <span class='ocr_line' id='line_1_9' title="bbox 600 1752 2339 1839; baseline -0.002 -15"><span class='ocrx_word' id='word_1_91' title='bbox 600 1759 681 1824; x_wconf 91' lang='lat' dir='ltr'>diem</span> <span class='ocrx_word' id='word_1_92' title='bbox 704 1758 782 1824; x_wconf 92' lang='lat' dir='ltr'>obiit</span> <span class='ocrx_word' id='word_1_93' title='bbox 804 1774 893 1822; x_wconf 92' lang='lat' dir='ltr'>suum</span> <span class='ocrx_word' id='word_1_94' title='bbox 915 1754 1036 1819; x_wconf 86' lang='lat' dir='ltr'>XXIIX</span> <span class='ocrx_word' id='word_1_95' title='bbox 1051 1754 1195 1821; x_wconf 89' lang='lat' dir='ltr'>Octobris</span> <span class='ocrx_word' id='word_1_96' title='bbox 1216 1775 1298 1823; x_wconf 91' lang='lat' dir='ltr'>anno</span> <span class='ocrx_word' id='word_1_97' title='bbox 1312 1752 1472 1822; x_wconf 88' lang='lat' dir='ltr'>MDCIIX.</span> <span class='ocrx_word' id='word_1_98' title='bbox 1500 1757 1546 1821; x_wconf 92' lang='lat' dir='ltr'>De</span> <span class='ocrx_word' id='word_1_99' title='bbox 1561 1754 1728 1820; x_wconf 88' lang='lat' dir='ltr'>Valentino</span> <span class='ocrx_word' id='word_1_100' title='bbox 1743 1756 1892 1820; x_wconf 86' lang='lat' dir='ltr'>Forstero</span> <span class='ocrx_word' id='word_1_101' title='bbox 1914 1762 1947 1820; x_wconf 88' lang='lat' dir='ltr'>et</span> <span class='ocrx_word' id='word_1_102' title='bbox 1962 1756 2029 1838; x_wconf 90' lang='lat' dir='ltr'>ejus</span> <span class='ocrx_word' id='word_1_103' title='bbox 2047 1756 2111 1819; x_wconf 88' lang='lat' dir='ltr'>lilio</span> <span class='ocrx_word' id='word_1_104' title='bbox 2126 1756 2339 1839; x_wconf 83' lang='lat' dir='ltr'>Wittebergae</span> 
     </span>
    </p>
   </div>
   <div class='ocr_carea' id='block_1_3' title="bbox 599 1855 1756 2281">
    <p class='ocr_par' dir='ltr' id='par_1_3' title="bbox 599 1855 1756 2281">
     <span class='ocr_line' id='line_1_10' title="bbox 599 1855 1203 1940; baseline -0.002 -17"><span class='ocrx_word' id='word_1_105' title='bbox 599 1858 777 1940; x_wconf 86' lang='lat' dir='ltr'>ingenioso,</span> <span class='ocrx_word' id='word_1_106' title='bbox 799 1857 995 1923; x_wconf 86' lang='lat' dir='ltr'>Hermennus</span> <span class='ocrx_word' id='word_1_107' title='bbox 1014 1855 1203 1921; x_wconf 88' lang='lat' dir='ltr'>Fabronius:</span> 
     </span>
     <span class='ocr_line' id='line_1_11' title="bbox 1055 1952 1751 2024; baseline -0.001 -16"><span class='ocrx_word' id='word_1_108' title='bbox 1055 1999 1059 2007; x_wconf 97' lang='lat'>.</span> <span class='ocrx_word' id='word_1_109' title='bbox 1081 1954 1222 2024; x_wconf 65' lang='lat' dir='ltr'>hempres</span> <span class='ocrx_word' id='word_1_110' title='bbox 1238 1953 1350 2010; x_wconf 81' lang='lat' dir='ltr'>solidus</span> <span class='ocrx_word' id='word_1_111' title='bbox 1368 1954 1517 2008; x_wconf 74' lang='lat' dir='ltr'>Forsterne</span> <span class='ocrx_word' id='word_1_112' title='bbox 1530 1952 1607 2021; x_wconf 70' lang='lat' dir='ltr'>,iaris</span> <span class='ocrx_word' id='word_1_113' title='bbox 1625 1959 1651 2009; x_wconf 90' lang='lat' dir='ltr'>et</span> <span class='ocrx_word' id='word_1_114' title='bbox 1669 1957 1751 2024; x_wconf 83' lang='lat' dir='ltr'>aequi</span> 
     </span>
     <span class='ocr_line' id='line_1_12' title="bbox 1116 2039 1618 2111; baseline -0.006 -16"><span class='ocrx_word' id='word_1_115' title='bbox 1116 2040 1231 2096; x_wconf 70' lang='lat' dir='ltr'>F&#39;iorrcit</span> <span class='ocrx_word' id='word_1_116' title='bbox 1248 2042 1370 2111; x_wconf 78' lang='lat' dir='ltr'>inqcnio,</span> <span class='ocrx_word' id='word_1_117' title='bbox 1384 2040 1486 2107; x_wconf 84' lang='lat' dir='ltr'>floruit</span> <span class='ocrx_word' id='word_1_118' title='bbox 1502 2039 1618 2108; x_wconf 75' lang='lat' dir='ltr'>eloquiis</span> 
     </span>
     <span class='ocr_line' id='line_1_13' title="bbox 1082 2126 1737 2195; baseline -0.003 -15"><span class='ocrx_word' id='word_1_119' title='bbox 1082 2128 1168 2195; x_wconf 85' lang='lat' dir='ltr'>Inqne</span> <span class='ocrx_word' id='word_1_120' title='bbox 1191 2127 1336 2181; x_wconf 74' lang='lat' dir='ltr'>Valentino</span> <span class='ocrx_word' id='word_1_121' title='bbox 1359 2126 1503 2181; x_wconf 85' lang='lat' dir='ltr'>Wilbclmo</span> <span class='ocrx_word' id='word_1_122' title='bbox 1517 2126 1594 2194; x_wconf 84' lang='lat' dir='ltr'>floro</span> <span class='ocrx_word' id='word_1_123' title='bbox 1611 2126 1713 2179; x_wconf 84' lang='lat' dir='ltr'>renieit</span> <span class='ocrx_word' id='word_1_124' title='bbox 1734 2133 1737 2142; x_wconf 93' lang='grc'><em>·</em></span> 
     </span>
     <span class='ocr_line' id='line_1_14' title="bbox 1118 2212 1756 2281; baseline -0.003 -14"><span class='ocrx_word' id='word_1_125' title='bbox 1118 2214 1257 2278; x_wconf 80' lang='lat' dir='ltr'>Foreteri,</span> <span class='ocrx_word' id='word_1_126' title='bbox 1274 2212 1312 2267; x_wconf 81' lang='lat' dir='ltr'>od</span> <span class='ocrx_word' id='word_1_127' title='bbox 1329 2214 1424 2281; x_wconf 84' lang='lat' dir='ltr'>ripas,</span> <span class='ocrx_word' id='word_1_128' title='bbox 1444 2212 1565 2267; x_wconf 77' lang='lat' dir='ltr'>Sasonis</span> <span class='ocrx_word' id='word_1_129' title='bbox 1582 2212 1667 2277; x_wconf 80' lang='lat' dir='ltr'>Alba,</span> <span class='ocrx_word' id='word_1_130' title='bbox 1687 2217 1756 2266; x_wconf 83' lang='lat' dir='ltr'>tuos.</span> 
     </span>
    </p>
   </div>
   <div class='ocr_carea' id='block_1_4' title="bbox 1238 2420 1708 2504">
    <p class='ocr_par' dir='ltr' id='par_1_4' title="bbox 1238 2420 1708 2504">
     <span class='ocr_line' id='line_1_15' title="bbox 1238 2420 1708 2504; baseline 0.002 -19"><span class='ocrx_word' id='word_1_131' title='bbox 1238 2420 1489 2504; x_wconf 85' lang='lat' dir='ltr'>Hieronymus</span> <span class='ocrx_word' id='word_1_132' title='bbox 1518 2421 1708 2489; x_wconf 83' lang='lat' dir='ltr'>Turlerus</span> 
     </span>
    </p>
   </div>
   <div class='ocr_carea' id='block_1_5' title="bbox 601 2556 2340 2843">
    <p class='ocr_par' dir='ltr' id='par_1_5' title="bbox 601 2556 2340 2843">
     <span class='ocr_line' id='line_1_16' title="bbox 698 2556 2340 2641; baseline -0.001 -15"><span class='ocrx_word' id='word_1_133' title='bbox 698 2559 866 2626; x_wconf 88' lang='lat' dir='ltr'>Misnensis</span> <span class='ocrx_word' id='word_1_134' title='bbox 888 2557 937 2623; x_wconf 91' lang='lat' dir='ltr'>bic</span> <span class='ocrx_word' id='word_1_135' title='bbox 952 2561 1017 2637; x_wconf 90' lang='lat' dir='ltr'>est,</span> <span class='ocrx_word' id='word_1_136' title='bbox 1039 2557 1182 2622; x_wconf 87' lang='lat' dir='ltr'>Dresdae</span> <span class='ocrx_word' id='word_1_137' title='bbox 1197 2562 1308 2636; x_wconf 82' lang='lat' dir='ltr'>natue,</span> <span class='ocrx_word' id='word_1_138' title='bbox 1329 2556 1358 2621; x_wconf 87' lang='lat' dir='ltr'>J.</span> <span class='ocrx_word' id='word_1_139' title='bbox 1371 2556 1411 2622; x_wconf 91' lang='lat' dir='ltr'>U.</span> <span class='ocrx_word' id='word_1_140' title='bbox 1427 2558 1554 2639; x_wconf 88' lang='lat' dir='ltr'>Doctor,</span> <span class='ocrx_word' id='word_1_141' title='bbox 1576 2559 1627 2623; x_wconf 91' lang='lat' dir='ltr'>cui</span> <span class='ocrx_word' id='word_1_142' title='bbox 1640 2558 1766 2625; x_wconf 90' lang='lat' dir='ltr'>Pouceri</span> <span class='ocrx_word' id='word_1_143' title='bbox 1787 2560 1909 2641; x_wconf 93' lang='lat' dir='ltr'>quidem</span> <span class='ocrx_word' id='word_1_144' title='bbox 1926 2560 2193 2626; x_wconf 88' lang='lat' dir='ltr'>commendatione</span> <span class='ocrx_word' id='word_1_145' title='bbox 2210 2560 2340 2627; x_wconf 85' lang='lat' dir='ltr'>docendi</span> 
     </span>
     <span class='ocr_line' id='line_1_17' title="bbox 602 2657 2339 2745; baseline -0.001 -18"><span class='ocrx_word' id='word_1_146' title='bbox 602 2661 761 2745; x_wconf 88' lang='lat' dir='ltr'>provincia</span> <span class='ocrx_word' id='word_1_147' title='bbox 781 2659 841 2724; x_wconf 92' lang='lat' dir='ltr'>fuit</span> <span class='ocrx_word' id='word_1_148' title='bbox 854 2657 968 2737; x_wconf 87' lang='lat' dir='ltr'>delata,</span> <span class='ocrx_word' id='word_1_149' title='bbox 988 2675 1094 2722; x_wconf 83' lang='lat' dir='ltr'>serum</span> <span class='ocrx_word' id='word_1_150' title='bbox 1110 2674 1180 2721; x_wconf 89' lang='lat' dir='ltr'>curn</span> <span class='ocrx_word' id='word_1_151' title='bbox 1194 2663 1287 2737; x_wconf 90' lang='lat' dir='ltr'>pacto</span> <span class='ocrx_word' id='word_1_152' title='bbox 1302 2657 1455 2737; x_wconf 91' lang='lat' dir='ltr'>stipendio</span> <span class='ocrx_word' id='word_1_153' title='bbox 1477 2658 1597 2723; x_wconf 85' lang='lat' dir='ltr'>MDLX</span> <span class='ocrx_word' id='word_1_154' title='bbox 1618 2677 1700 2725; x_wconf 87' lang='lat' dir='ltr'>enno</span> <span class='ocrx_word' id='word_1_155' title='bbox 1722 2659 1837 2741; x_wconf 86' lang='lat' dir='ltr'>Aprilis</span> <span class='ocrx_word' id='word_1_156' title='bbox 1853 2660 1972 2725; x_wconf 85' lang='lat' dir='ltr'>XXllll</span> <span class='ocrx_word' id='word_1_157' title='bbox 1995 2659 2027 2723; x_wconf 92' lang='lat' dir='ltr'>in</span> <span class='ocrx_word' id='word_1_158' title='bbox 2048 2662 2184 2741; x_wconf 89' lang='lat' dir='ltr'>patriam</span> <span class='ocrx_word' id='word_1_159' title='bbox 2202 2660 2339 2739; x_wconf 88' lang='lat' dir='ltr'>abiisset,</span> 
     </span>
     <span class='ocr_line' id='line_1_18' title="bbox 601 2757 2339 2843; baseline -0.002 -16"><span class='ocrx_word' id='word_1_160' title='bbox 601 2767 636 2828; x_wconf 85' lang='lat' dir='ltr'>ut</span> <span class='ocrx_word' id='word_1_161' title='bbox 657 2759 879 2843; x_wconf 91' lang='lat' dir='ltr'>supellectilem</span> <span class='ocrx_word' id='word_1_162' title='bbox 903 2758 974 2823; x_wconf 91' lang='lat' dir='ltr'>iude</span> <span class='ocrx_word' id='word_1_163' title='bbox 995 2757 1182 2838; x_wconf 84' lang='lat' dir='ltr'>adveheret,</span> <span class='ocrx_word' id='word_1_164' title='bbox 1210 2761 1333 2821; x_wconf 81' lang='lat' dir='ltr'>mutato</span> <span class='ocrx_word' id='word_1_165' title='bbox 1361 2758 1507 2839; x_wconf 89' lang='lat' dir='ltr'>consilio,</span> <span class='ocrx_word' id='word_1_166' title='bbox 1539 2776 1602 2823; x_wconf 93' lang='lat' dir='ltr'>non</span> <span class='ocrx_word' id='word_1_167' title='bbox 1622 2759 1714 2823; x_wconf 90' lang='lat' dir='ltr'>aliter</span> <span class='ocrx_word' id='word_1_168' title='bbox 1735 2764 1829 2839; x_wconf 89' lang='lat' dir='ltr'>atque</span> <span class='ocrx_word' id='word_1_169' title='bbox 1849 2758 1979 2840; x_wconf 88' lang='lat' dir='ltr'>Ulysses</span> <span class='ocrx_word' id='word_1_170' title='bbox 2001 2760 2184 2825; x_wconf 90' lang='lat' dir='ltr'>Homericus</span> <span class='ocrx_word' id='word_1_171' title='bbox 2206 2761 2339 2841; x_wconf 87' lang='lat' dir='ltr'>patriam</span> 
     </span>
    </p>
   </div>
   <div class='ocr_carea' id='block_1_6' title="bbox 601 2854 2134 3285">
    <p class='ocr_par' dir='ltr' id='par_1_6' title="bbox 601 2854 2134 3285">
     <span class='ocr_line' id='line_1_19' title="bbox 601 2854 2134 2940; baseline -0.001 -15"><span class='ocrx_word' id='word_1_172' title='bbox 601 2859 864 2928; x_wconf 89' lang='lat' dir='ltr'>luculentissimae</span> <span class='ocrx_word' id='word_1_173' title='bbox 885 2858 981 2923; x_wconf 82' lang='lat' dir='ltr'>cuivis</span> <span class='ocrx_word' id='word_1_174' title='bbox 1003 2857 1081 2922; x_wconf 89' lang='lat' dir='ltr'>sorti</span> <span class='ocrx_word' id='word_1_175' title='bbox 1101 2858 1279 2938; x_wconf 86' lang='lat' dir='ltr'>anteposuit</span> <span class='ocrx_word' id='word_1_176' title='bbox 1290 2854 1333 2940; x_wconf 65' lang='grc'>8).</span> <span class='ocrx_word' id='word_1_177' title='bbox 1376 2858 1425 2923; x_wconf 92' lang='lat' dir='ltr'>De</span> <span class='ocrx_word' id='word_1_178' title='bbox 1447 2857 1554 2923; x_wconf 91' lang='lat' dir='ltr'>eodem</span> <span class='ocrx_word' id='word_1_179' title='bbox 1574 2863 1607 2922; x_wconf 92' lang='lat' dir='ltr'>et</span> <span class='ocrx_word' id='word_1_180' title='bbox 1630 2875 1734 2923; x_wconf 88' lang='lat' dir='ltr'>amore</span> <span class='ocrx_word' id='word_1_181' title='bbox 1756 2860 1880 2940; x_wconf 91' lang='lat' dir='ltr'>patriae</span> <span class='ocrx_word' id='word_1_182' title='bbox 1900 2859 1939 2923; x_wconf 91' lang='lat' dir='ltr'>H.</span> <span class='ocrx_word' id='word_1_183' title='bbox 1963 2860 2134 2924; x_wconf 84' lang='lat' dir='ltr'>Fabronius</span> 
     </span>
     <span class='ocr_line' id='line_1_20' title="bbox 1083 2956 1858 3027; baseline 0 -17"><span class='ocrx_word' id='word_1_184' title='bbox 1083 2956 1160 3011; x_wconf 84' lang='lat' dir='ltr'>Prae</span> <span class='ocrx_word' id='word_1_185' title='bbox 1178 2957 1260 3011; x_wconf 84' lang='lat' dir='ltr'>Leno</span> <span class='ocrx_word' id='word_1_186' title='bbox 1284 2958 1348 3027; x_wconf 76' lang='lat' dir='ltr'>leqit</span> <span class='ocrx_word' id='word_1_187' title='bbox 1366 2962 1516 3027; x_wconf 82' lang='lat' dir='ltr'>praestans</span> <span class='ocrx_word' id='word_1_188' title='bbox 1537 2956 1749 3011; x_wconf 77' lang='lat' dir='ltr'>Hennnndnrns</span> <span class='ocrx_word' id='word_1_189' title='bbox 1766 2958 1858 3013; x_wconf 83' lang='lat' dir='ltr'>Albim</span> 
     </span>
     <span class='ocr_line' id='line_1_21' title="bbox 1121 3042 1800 3113; baseline 0 -17"><span class='ocrx_word' id='word_1_190' title='bbox 1121 3042 1262 3109; x_wconf 82' lang='lat' dir='ltr'>anlerns,</span> <span class='ocrx_word' id='word_1_191' title='bbox 1276 3044 1390 3113; x_wconf 77' lang='lat' dir='ltr'>patriae</span> <span class='ocrx_word' id='word_1_192' title='bbox 1407 3043 1595 3113; x_wconf 76' lang='lat' dir='ltr'>compositis‘)</span> <span class='ocrx_word' id='word_1_193' title='bbox 1612 3044 1702 3112; x_wconf 85' lang='lat' dir='ltr'>plano</span> <span class='ocrx_word' id='word_1_194' title='bbox 1719 3059 1800 3098; x_wconf 85' lang='lat' dir='ltr'>snae:</span> 
     </span>
     <span class='ocr_line' id='line_1_22' title="bbox 1087 3128 1802 3200; baseline 0.001 -17"><span class='ocrx_word' id='word_1_195' title='bbox 1087 3129 1212 3200; x_wconf 79' lang='lat' dir='ltr'>Quodsi</span> <span class='ocrx_word' id='word_1_196' title='bbox 1228 3130 1290 3199; x_wconf 83' lang='lat' dir='ltr'>qnis</span> <span class='ocrx_word' id='word_1_197' title='bbox 1303 3128 1394 3199; x_wconf 80' lang='lat' dir='ltr'>suerit</span> <span class='ocrx_word' id='word_1_198' title='bbox 1407 3130 1521 3199; x_wconf 81' lang='lat' dir='ltr'>patriae</span> <span class='ocrx_word' id='word_1_199' title='bbox 1539 3128 1679 3183; x_wconf 83' lang='lat' dir='ltr'>dulcedine</span> <span class='ocrx_word' id='word_1_200' title='bbox 1698 3129 1802 3197; x_wconf 83' lang='lat' dir='ltr'>ductus,</span> 
     </span>
     <span class='ocr_line' id='line_1_23' title="bbox 1119 3216 1723 3285; baseline -0.005 -14"><span class='ocrx_word' id='word_1_201' title='bbox 1119 3218 1249 3272; x_wconf 74' lang='lat' dir='ltr'>Exeoet</span> <span class='ocrx_word' id='word_1_202' title='bbox 1266 3221 1347 3272; x_wconf 78' lang='lat' dir='ltr'>natm</span> <span class='ocrx_word' id='word_1_203' title='bbox 1361 3218 1460 3285; x_wconf 84' lang='lat' dir='ltr'>patrio</span> <span class='ocrx_word' id='word_1_204' title='bbox 1480 3231 1600 3285; x_wconf 80' lang='lat' dir='ltr'>qtcceqne</span> <span class='ocrx_word' id='word_1_205' title='bbox 1616 3216 1723 3283; x_wconf 55' lang='lat' dir='ltr'>suom).</span> 
     </span>
    </p>
   </div>
   <div class='ocr_carea' id='block_1_7' title="bbox 1278 3425 1670 3507">
    <p class='ocr_par' dir='ltr' id='par_1_7' title="bbox 1278 3425 1670 3507">
     <span class='ocr_line' id='line_1_24' title="bbox 1278 3425 1670 3507; baseline 0 -17"><span class='ocrx_word' id='word_1_206' title='bbox 1278 3425 1460 3492; x_wconf 86' lang='lat' dir='ltr'>Nicolous</span> <span class='ocrx_word' id='word_1_207' title='bbox 1489 3426 1670 3507; x_wconf 81' lang='lat' dir='ltr'>Vigclius.</span> 
     </span>
    </p>
   </div>
   <div class='ocr_carea' id='block_1_8' title="bbox 602 3560 2366 3945">
    <p class='ocr_par' dir='ltr' id='par_1_8' title="bbox 602 3560 2366 3945">
     <span class='ocr_line' id='line_1_25' title="bbox 699 3560 2341 3646; baseline -0.002 -13"><span class='ocrx_word' id='word_1_208' title='bbox 699 3568 759 3633; x_wconf 84' lang='lat' dir='ltr'>llic</span> <span class='ocrx_word' id='word_1_209' title='bbox 781 3568 908 3632; x_wconf 92' lang='lat' dir='ltr'>natione</span> <span class='ocrx_word' id='word_1_210' title='bbox 931 3564 1064 3645; x_wconf 76' lang='lat' dir='ltr'>HassuS,</span> <span class='ocrx_word' id='word_1_211' title='bbox 1086 3563 1258 3628; x_wconf 88' lang='lat' dir='ltr'>Treisensis</span> <span class='ocrx_word' id='word_1_212' title='bbox 1273 3562 1387 3643; x_wconf 87' lang='lat' dir='ltr'>patria,</span> <span class='ocrx_word' id='word_1_213' title='bbox 1407 3579 1503 3642; x_wconf 91' lang='lat' dir='ltr'>quum</span> <span class='ocrx_word' id='word_1_214' title='bbox 1524 3560 1648 3642; x_wconf 81' lang='lat' dir='ltr'>ingenio</span> <span class='ocrx_word' id='word_1_215' title='bbox 1670 3563 1839 3643; x_wconf 87' lang='lat' dir='ltr'>reperisset</span> <span class='ocrx_word' id='word_1_216' title='bbox 1852 3563 2078 3646; x_wconf 81' lang='lat' dir='ltr'>Heidelborgae</span> <span class='ocrx_word' id='word_1_217' title='bbox 2100 3565 2156 3629; x_wconf 92' lang='lat' dir='ltr'>sub</span> <span class='ocrx_word' id='word_1_218' title='bbox 2176 3565 2341 3631; x_wconf 85' lang='lat' dir='ltr'>Francisco</span> 
     </span>
     <span class='ocr_line' id='line_1_26' title="bbox 603 3662 2342 3747; baseline -0.002 -14"><span class='ocrx_word' id='word_1_219' title='bbox 603 3667 756 3733; x_wconf 89' lang='lat' dir='ltr'>Bulduino</span> <span class='ocrx_word' id='word_1_220' title='bbox 784 3666 969 3747; x_wconf 85' lang='lat' dir='ltr'>dignitatem</span> <span class='ocrx_word' id='word_1_221' title='bbox 998 3665 1030 3729; x_wconf 93' lang='lat' dir='ltr'>in</span> <span class='ocrx_word' id='word_1_222' title='bbox 1060 3663 1219 3728; x_wconf 88' lang='lat' dir='ltr'>Licentiae</span> <span class='ocrx_word' id='word_1_223' title='bbox 1248 3662 1365 3742; x_wconf 79' lang='lat' dir='ltr'>gradu,</span> <span class='ocrx_word' id='word_1_224' title='bbox 1404 3680 1499 3743; x_wconf 89' lang='lat' dir='ltr'>quem</span> <span class='ocrx_word' id='word_1_225' title='bbox 1527 3667 1657 3743; x_wconf 87' lang='lat' dir='ltr'>vocant,</span> <span class='ocrx_word' id='word_1_226' title='bbox 1690 3662 1857 3728; x_wconf 89' lang='lat' dir='ltr'>collocatus</span> <span class='ocrx_word' id='word_1_227' title='bbox 1883 3665 2096 3730; x_wconf 88' lang='lat' dir='ltr'>incredibilem</span> <span class='ocrx_word' id='word_1_228' title='bbox 2123 3664 2283 3745; x_wconf 87' lang='lat' dir='ltr'>quandem</span> <span class='ocrx_word' id='word_1_229' title='bbox 2309 3666 2342 3729; x_wconf 94' lang='lat' dir='ltr'>in</span> 
     </span>
     <span class='ocr_line' id='line_1_27' title="bbox 602 3761 2342 3850; baseline -0.003 -17"><span class='ocrx_word' id='word_1_230' title='bbox 602 3766 738 3850; x_wconf 84' lang='lat' dir='ltr'>Legibus</span> <span class='ocrx_word' id='word_1_231' title='bbox 762 3763 1005 3847; x_wconf 85' lang='lat' dir='ltr'>interpretandis</span> <span class='ocrx_word' id='word_1_232' title='bbox 1037 3768 1069 3827; x_wconf 88' lang='lat' dir='ltr'>et</span> <span class='ocrx_word' id='word_1_233' title='bbox 1094 3762 1253 3843; x_wconf 82' lang='lat' dir='ltr'>aequitate</span> <span class='ocrx_word' id='word_1_234' title='bbox 1282 3761 1467 3842; x_wconf 83' lang='lat' dir='ltr'>explicanda</span> <span class='ocrx_word' id='word_1_235' title='bbox 1496 3761 1659 3826; x_wconf 88' lang='lat' dir='ltr'>scientiam</span> <span class='ocrx_word' id='word_1_236' title='bbox 1683 3768 1896 3844; x_wconf 89' lang='lat' dir='ltr'>consequutus</span> <span class='ocrx_word' id='word_1_237' title='bbox 1918 3770 1982 3846; x_wconf 89' lang='lat' dir='ltr'>est,</span> <span class='ocrx_word' id='word_1_238' title='bbox 2009 3769 2046 3829; x_wconf 89' lang='lat' dir='ltr'>ut</span> <span class='ocrx_word' id='word_1_239' title='bbox 2067 3782 2135 3829; x_wconf 83' lang='lat' dir='ltr'>eam</span> <span class='ocrx_word' id='word_1_240' title='bbox 2158 3781 2282 3845; x_wconf 91' lang='lat' dir='ltr'>quoque</span> <span class='ocrx_word' id='word_1_241' title='bbox 2303 3766 2342 3828; x_wconf 92' lang='lat' dir='ltr'>ob</span> 
     </span>
     <span class='ocr_line' id='line_1_28' title="bbox 603 3859 2366 3945; baseline -0.002 -13"><span class='ocrx_word' id='word_1_242' title='bbox 603 3883 749 3932; x_wconf 85' lang='lat' dir='ltr'>caussam</span> <span class='ocrx_word' id='word_1_243' title='bbox 770 3863 884 3944; x_wconf 82' lang='lat' dir='ltr'>dignus</span> <span class='ocrx_word' id='word_1_244' title='bbox 904 3861 1031 3927; x_wconf 89' lang='lat' dir='ltr'>habitus</span> <span class='ocrx_word' id='word_1_245' title='bbox 1052 3860 1148 3925; x_wconf 88' lang='lat' dir='ltr'>fuerit</span> <span class='ocrx_word' id='word_1_246' title='bbox 1168 3859 1217 3924; x_wconf 84' lang='lat' dir='ltr'>vel</span> <span class='ocrx_word' id='word_1_247' title='bbox 1236 3860 1384 3940; x_wconf 82' lang='lat' dir='ltr'>marimo,</span> <span class='ocrx_word' id='word_1_248' title='bbox 1416 3861 1465 3925; x_wconf 92' lang='lat' dir='ltr'>cui</span> <span class='ocrx_word' id='word_1_249' title='bbox 1492 3860 1574 3925; x_wconf 91' lang='lat' dir='ltr'>inter</span> <span class='ocrx_word' id='word_1_250' title='bbox 1602 3860 1851 3927; x_wconf 85' lang='lat' dir='ltr'>Jmisconsultos</span> <span class='ocrx_word' id='word_1_251' title='bbox 1883 3863 1968 3928; x_wconf 90' lang='lat' dir='ltr'>locus</span> <span class='ocrx_word' id='word_1_252' title='bbox 1998 3863 2225 3929; x_wconf 89' lang='lat' dir='ltr'>attribueretur</span> <span class='ocrx_word' id='word_1_253' title='bbox 2253 3882 2366 3945; x_wconf 49' lang='lat' dir='ltr'>prae-1</span> 
     </span>
    </p>
   </div>
   <div class='ocr_carea' id='block_1_9' title="bbox 605 3959 2344 4343">
    <p class='ocr_par' dir='ltr' id='par_1_9' title="bbox 605 3959 2344 4343">
     <span class='ocr_line' id='line_1_29' title="bbox 605 3959 2342 4047; baseline -0.002 -17"><span class='ocrx_word' id='word_1_254' title='bbox 605 3964 722 4047; x_wconf 89' lang='lat' dir='ltr'>cipuus.</span> <span class='ocrx_word' id='word_1_255' title='bbox 765 3962 904 4044; x_wconf 90' lang='lat' dir='ltr'>Ideoque</span> <span class='ocrx_word' id='word_1_256' title='bbox 925 3980 1020 4044; x_wconf 92' lang='lat' dir='ltr'>quum</span> <span class='ocrx_word' id='word_1_257' title='bbox 1042 3978 1124 4025; x_wconf 90' lang='lat' dir='ltr'>anno</span> <span class='ocrx_word' id='word_1_258' title='bbox 1147 3959 1268 4024; x_wconf 87' lang='lat' dir='ltr'><strong>MDLX</strong></span> <span class='ocrx_word' id='word_1_259' title='bbox 1296 3959 1406 4025; x_wconf 91' lang='lat' dir='ltr'>Octob.</span> <span class='ocrx_word' id='word_1_260' title='bbox 1426 3960 1515 4027; x_wconf 86' lang='lat' dir='ltr'>XVII</span> <span class='ocrx_word' id='word_1_261' title='bbox 1537 3961 1577 4027; x_wconf 94' lang='lat' dir='ltr'>de</span> <span class='ocrx_word' id='word_1_262' title='bbox 1598 3977 1685 4025; x_wconf 92' lang='lat' dir='ltr'>more</span> <span class='ocrx_word' id='word_1_263' title='bbox 1712 3968 1891 4042; x_wconf 87' lang='lat' dir='ltr'>perorasset</span> <span class='ocrx_word' id='word_1_264' title='bbox 1911 3962 2052 4044; x_wconf 92' lang='lat' dir='ltr'>publice,</span> <span class='ocrx_word' id='word_1_265' title='bbox 2083 3962 2212 4028; x_wconf 91' lang='lat' dir='ltr'>docendi</span> <span class='ocrx_word' id='word_1_266' title='bbox 2232 3982 2342 4027; x_wconf 90' lang='lat' dir='ltr'>munus</span> 
     </span>
     <span class='ocr_line' id='line_1_30' title="bbox 605 4059 2344 4145; baseline -0.001 -17"><span class='ocrx_word' id='word_1_267' title='bbox 605 4080 774 4145; x_wconf 80' lang='lat' dir='ltr'>aggressus</span> <span class='ocrx_word' id='word_1_268' title='bbox 794 4066 852 4127; x_wconf 92' lang='lat' dir='ltr'>est.</span> <span class='ocrx_word' id='word_1_269' title='bbox 896 4062 985 4126; x_wconf 81' lang='lat' dir='ltr'>Anno</span> <span class='ocrx_word' id='word_1_270' title='bbox 1007 4079 1080 4125; x_wconf 87' lang='lat' dir='ltr'>vero</span> <span class='ocrx_word' id='word_1_271' title='bbox 1100 4060 1303 4141; x_wconf 91' lang='lat' dir='ltr'>postmodum</span> <span class='ocrx_word' id='word_1_272' title='bbox 1325 4059 1489 4125; x_wconf 83' lang='lat' dir='ltr'>MDLXIV</span> <span class='ocrx_word' id='word_1_273' title='bbox 1510 4060 1551 4125; x_wconf 87' lang='lat' dir='ltr'>ad</span> <span class='ocrx_word' id='word_1_274' title='bbox 1574 4061 1759 4126; x_wconf 91' lang='lat' dir='ltr'>altissimum</span> <span class='ocrx_word' id='word_1_275' title='bbox 1779 4060 1906 4127; x_wconf 92' lang='lat' dir='ltr'>honoris</span> <span class='ocrx_word' id='word_1_276' title='bbox 1927 4061 2059 4143; x_wconf 82' lang='lat' dir='ltr'>gradum</span> <span class='ocrx_word' id='word_1_277' title='bbox 2080 4062 2120 4127; x_wconf 88' lang='lat' dir='ltr'>nb</span> <span class='ocrx_word' id='word_1_278' title='bbox 2134 4062 2344 4143; x_wconf 89' lang='lat' dir='ltr'>Oldendorpio</span> 
     </span>
     <span class='ocr_line' id='line_1_31' title="bbox 605 4158 2343 4244; baseline -0.001 -16"><span class='ocrx_word' id='word_1_279' title='bbox 605 4180 755 4229; x_wconf 90' lang='lat' dir='ltr'>unacum</span> <span class='ocrx_word' id='word_1_280' title='bbox 779 4160 921 4228; x_wconf 87' lang='lat' dir='ltr'>Conrado</span> <span class='ocrx_word' id='word_1_281' title='bbox 943 4159 1106 4226; x_wconf 85' lang='lat' dir='ltr'>Mattheeo</span> <span class='ocrx_word' id='word_1_282' title='bbox 1127 4160 1246 4224; x_wconf 91' lang='lat' dir='ltr'>Doctor</span> <span class='ocrx_word' id='word_1_283' title='bbox 1268 4158 1297 4223; x_wconf 88' lang='lat' dir='ltr'>J.</span> <span class='ocrx_word' id='word_1_284' title='bbox 1318 4159 1355 4224; x_wconf 88' lang='lat' dir='ltr'>U.</span> <span class='ocrx_word' id='word_1_285' title='bbox 1378 4159 1536 4225; x_wconf 86' lang='lat' dir='ltr'>salutatus</span> <span class='ocrx_word' id='word_1_286' title='bbox 1558 4161 1706 4226; x_wconf 89' lang='lat' dir='ltr'>aseendit.</span> <span class='ocrx_word' id='word_1_287' title='bbox 1751 4162 1819 4240; x_wconf 82' lang='lat' dir='ltr'>Quo</span> <span class='ocrx_word' id='word_1_288' title='bbox 1840 4180 1923 4226; x_wconf 86' lang='lat' dir='ltr'>enno</span> <span class='ocrx_word' id='word_1_289' title='bbox 1946 4163 2058 4227; x_wconf 88' lang='lat' dir='ltr'>Petrus</span> <span class='ocrx_word' id='word_1_290' title='bbox 2080 4162 2225 4242; x_wconf 79' lang='lat' dir='ltr'>Paganus</span> <span class='ocrx_word' id='word_1_291' title='bbox 2246 4162 2343 4244; x_wconf 86' lang='lat' dir='ltr'>ipsius</span> 
     </span>
     <span class='ocr_line' id='line_1_32' title="bbox 605 4260 968 4343; baseline -0.014 -15"><span class='ocrx_word' id='word_1_292' title='bbox 605 4260 718 4343; x_wconf 86' lang='lat' dir='ltr'>effigiei</span> <span class='ocrx_word' id='word_1_293' title='bbox 740 4260 816 4326; x_wconf 87' lang='lat' dir='ltr'>haec</span> <span class='ocrx_word' id='word_1_294' title='bbox 837 4260 968 4343; x_wconf 87' lang='lat' dir='ltr'>subjecit</span> 
     </span>
    </p>
   </div>
   <div class='ocr_carea' id='block_1_10' title="bbox 1089 4356 1831 5204">
    <p class='ocr_par' dir='ltr' id='par_1_10' title="bbox 1098 4356 1805 4514">
     <span class='ocr_line' id='line_1_33' title="bbox 1098 4356 1805 4427; baseline 0.003 -15"><span class='ocrx_word' id='word_1_295' title='bbox 1098 4357 1196 4427; x_wconf 79' lang='lat' dir='ltr'>Vipeiii</span> <span class='ocrx_word' id='word_1_296' title='bbox 1208 4372 1302 4427; x_wconf 82' lang='lat' dir='ltr'>pareo</span> <span class='ocrx_word' id='word_1_297' title='bbox 1318 4356 1368 4411; x_wconf 77' lang='lat' dir='ltr'>sicli</span> <span class='ocrx_word' id='word_1_298' title='bbox 1384 4358 1503 4427; x_wconf 71' lang='lat' dir='ltr'>inopine</span> <span class='ocrx_word' id='word_1_299' title='bbox 1521 4373 1621 4426; x_wconf 82' lang='lat' dir='ltr'>eorpus</span> <span class='ocrx_word' id='word_1_300' title='bbox 1638 4357 1805 4414; x_wconf 82' lang='lat' dir='ltr'>ednrrrbrans</span> 
     </span>
     <span class='ocr_line' id='line_1_34' title="bbox 1124 4444 1737 4514; baseline 0.003 -17"><span class='ocrx_word' id='word_1_301' title='bbox 1124 4445 1235 4509; x_wconf 85' lang='lat' dir='ltr'>Pictor,</span> <span class='ocrx_word' id='word_1_302' title='bbox 1252 4448 1283 4498; x_wconf 85' lang='lat' dir='ltr'>ot</span> <span class='ocrx_word' id='word_1_303' title='bbox 1299 4444 1402 4514; x_wconf 70' lang='lat' dir='ltr'>inperii</span> <span class='ocrx_word' id='word_1_304' title='bbox 1419 4459 1475 4499; x_wconf 88' lang='lat' dir='ltr'>non</span> <span class='ocrx_word' id='word_1_305' title='bbox 1490 4445 1647 4513; x_wconf 84' lang='lat' dir='ltr'>penetravit</span> <span class='ocrx_word' id='word_1_306' title='bbox 1665 4460 1737 4513; x_wconf 81' lang='lat' dir='ltr'>opes.</span> 
     </span>
    </p>

    <p class='ocr_par' dir='ltr' id='par_1_11' title="bbox 1089 4529 1737 4685">
     <span class='ocr_line' id='line_1_35' title="bbox 1089 4529 1720 4599; baseline 0.002 -15"><span class='ocrx_word' id='word_1_307' title='bbox 1089 4529 1224 4599; x_wconf 80' lang='lat' dir='ltr'>Europae</span> <span class='ocrx_word' id='word_1_308' title='bbox 1242 4530 1336 4584; x_wconf 84' lang='lat' dir='ltr'>rnnltis</span> <span class='ocrx_word' id='word_1_309' title='bbox 1354 4529 1451 4584; x_wconf 83' lang='lat' dir='ltr'>etenim</span> <span class='ocrx_word' id='word_1_310' title='bbox 1469 4530 1613 4583; x_wconf 85' lang='lat' dir='ltr'>notissima</span> <span class='ocrx_word' id='word_1_311' title='bbox 1632 4532 1720 4596; x_wconf 85' lang='lat' dir='ltr'>terris,</span> 
     </span>
     <span class='ocr_line' id='line_1_36' title="bbox 1129 4615 1737 4685; baseline 0.002 -15"><span class='ocrx_word' id='word_1_312' title='bbox 1129 4616 1183 4685; x_wconf 76' lang='lat' dir='ltr'>Qui</span> <span class='ocrx_word' id='word_1_313' title='bbox 1201 4617 1297 4685; x_wconf 88' lang='lat' dir='ltr'>capiat</span> <span class='ocrx_word' id='word_1_314' title='bbox 1314 4616 1410 4685; x_wconf 83' lang='lat' dir='ltr'>spacio</span> <span class='ocrx_word' id='word_1_315' title='bbox 1431 4615 1506 4670; x_wconf 84' lang='lat' dir='ltr'>dona</span> <span class='ocrx_word' id='word_1_316' title='bbox 1525 4616 1625 4670; x_wconf 78' lang='lat' dir='ltr'>labello</span> <span class='ocrx_word' id='word_1_317' title='bbox 1643 4617 1737 4671; x_wconf 74' lang='lat' dir='ltr'>brici?</span> 
     </span>
    </p>

    <p class='ocr_par' dir='ltr' id='par_1_12' title="bbox 1090 4702 1777 4857">
     <span class='ocr_line' id='line_1_37' title="bbox 1090 4702 1777 4771; baseline 0.001 -14"><span class='ocrx_word' id='word_1_318' title='bbox 1090 4702 1207 4757; x_wconf 69' lang='lat' dir='ltr'>Auxilio</span> <span class='ocrx_word' id='word_1_319' title='bbox 1225 4702 1346 4771; x_wconf 78' lang='lat' dir='ltr'>Sophiae</span> <span class='ocrx_word' id='word_1_320' title='bbox 1359 4718 1413 4771; x_wconf 83' lang='lat' dir='ltr'>per</span> <span class='ocrx_word' id='word_1_321' title='bbox 1430 4718 1532 4771; x_wconf 85' lang='lat' dir='ltr'>sparsa</span> <span class='ocrx_word' id='word_1_322' title='bbox 1549 4703 1689 4757; x_wconf 81' lang='lat' dir='ltr'>solamine</span> <span class='ocrx_word' id='word_1_323' title='bbox 1700 4702 1777 4771; x_wconf 76' lang='lat' dir='ltr'>juris</span> 
     </span>
     <span class='ocr_line' id='line_1_38' title="bbox 1124 4787 1766 4857; baseline 0.003 -14"><span class='ocrx_word' id='word_1_324' title='bbox 1124 4788 1171 4843; x_wconf 82' lang='lat' dir='ltr'>Ad</span> <span class='ocrx_word' id='word_1_325' title='bbox 1186 4787 1341 4843; x_wconf 64' lang='lat' dir='ltr'>modern</span> <span class='ocrx_word' id='word_1_326' title='bbox 1355 4794 1445 4842; x_wconf 82' lang='lat' dir='ltr'>certus</span> <span class='ocrx_word' id='word_1_327' title='bbox 1460 4794 1617 4857; x_wconf 83' lang='lat' dir='ltr'>praeperat</span> <span class='ocrx_word' id='word_1_328' title='bbox 1633 4790 1680 4845; x_wconf 85' lang='lat' dir='ltr'>iile</span> <span class='ocrx_word' id='word_1_329' title='bbox 1697 4791 1766 4845; x_wconf 85' lang='lat' dir='ltr'>eins.</span> 
     </span>
    </p>

    <p class='ocr_par' dir='ltr' id='par_1_13' title="bbox 1090 4874 1781 5030">
     <span class='ocr_line' id='line_1_39' title="bbox 1090 4874 1781 4943; baseline 0.003 -14"><span class='ocrx_word' id='word_1_330' title='bbox 1090 4874 1131 4929; x_wconf 84' lang='lat' dir='ltr'>Et</span> <span class='ocrx_word' id='word_1_331' title='bbox 1143 4874 1239 4942; x_wconf 84' lang='lat' dir='ltr'>soetne</span> <span class='ocrx_word' id='word_1_332' title='bbox 1257 4875 1343 4929; x_wconf 84' lang='lat' dir='ltr'>enimi</span> <span class='ocrx_word' id='word_1_333' title='bbox 1359 4875 1538 4929; x_wconf 83' lang='lat' dir='ltr'>crescentibus</span> <span class='ocrx_word' id='word_1_334' title='bbox 1555 4875 1681 4943; x_wconf 80' lang='lat' dir='ltr'>applicat</span> <span class='ocrx_word' id='word_1_335' title='bbox 1698 4878 1781 4931; x_wconf 85' lang='lat' dir='ltr'>annis</span> 
     </span>
     <span class='ocr_line' id='line_1_40' title="bbox 1131 4962 1674 5030; baseline 0 -14"><span class='ocrx_word' id='word_1_336' title='bbox 1131 4962 1258 5016; x_wconf 86' lang='lat' dir='ltr'>Venturis</span> <span class='ocrx_word' id='word_1_337' title='bbox 1275 4962 1368 5015; x_wconf 69' lang='lat' dir='ltr'>moeres</span> <span class='ocrx_word' id='word_1_338' title='bbox 1387 4962 1498 5016; x_wconf 75' lang='lat' dir='ltr'>tmbbns</span> <span class='ocrx_word' id='word_1_339' title='bbox 1515 4968 1596 5030; x_wconf 82' lang='lat' dir='ltr'>etque</span> <span class='ocrx_word' id='word_1_340' title='bbox 1615 4962 1674 5016; x_wconf 79' lang='lat' dir='ltr'>siet.</span> 
     </span>
    </p>

    <p class='ocr_par' dir='ltr' id='par_1_14' title="bbox 1091 5048 1831 5204">
     <span class='ocr_line' id='line_1_41' title="bbox 1091 5048 1831 5117; baseline 0 -14"><span class='ocrx_word' id='word_1_341' title='bbox 1091 5048 1150 5104; x_wconf 87' lang='lat' dir='ltr'>Nec</span> <span class='ocrx_word' id='word_1_342' title='bbox 1166 5049 1257 5103; x_wconf 75' lang='lat' dir='ltr'>ninas</span> <span class='ocrx_word' id='word_1_343' title='bbox 1273 5054 1314 5103; x_wconf 90' lang='lat' dir='ltr'>est</span> <span class='ocrx_word' id='word_1_344' title='bbox 1329 5048 1431 5103; x_wconf 74' lang='lat' dir='ltr'>oieisn</span> <span class='ocrx_word' id='word_1_345' title='bbox 1445 5048 1512 5113; x_wconf 86' lang='lat' dir='ltr'>sibi,</span> <span class='ocrx_word' id='word_1_346' title='bbox 1531 5048 1556 5101; x_wconf 86' lang='lat' dir='ltr'>si</span> <span class='ocrx_word' id='word_1_347' title='bbox 1575 5054 1700 5117; x_wconf 86' lang='lat' dir='ltr'>temporo</span> <span class='ocrx_word' id='word_1_348' title='bbox 1717 5055 1831 5104; x_wconf 73' lang='lat' dir='ltr'>comunt</span> 
     </span>
     <span class='ocr_line' id='line_1_42' title="bbox 1125 5134 1802 5204; baseline -0.004 -14"><span class='ocrx_word' id='word_1_349' title='bbox 1125 5135 1269 5204; x_wconf 86' lang='lat' dir='ltr'>Improbe,</span> <span class='ocrx_word' id='word_1_350' title='bbox 1287 5150 1369 5204; x_wconf 83' lang='lat' dir='ltr'>qnam</span> <span class='ocrx_word' id='word_1_351' title='bbox 1385 5134 1481 5189; x_wconf 83' lang='lat' dir='ltr'>mnndi</span> <span class='ocrx_word' id='word_1_352' title='bbox 1493 5135 1574 5203; x_wconf 81' lang='lat' dir='ltr'>salso</span> <span class='ocrx_word' id='word_1_353' title='bbox 1592 5136 1700 5190; x_wconf 81' lang='lat' dir='ltr'>tlseetro</span> <span class='ocrx_word' id='word_1_354' title='bbox 1718 5138 1802 5204; x_wconf 81' lang='lat' dir='ltr'>sequi.</span> 
     </span>
    </p>
   </div>
   <div class='ocr_carea' id='block_1_11' title="bbox 609 5238 2344 5660">
    <p class='ocr_par' dir='ltr' id='par_1_15' title="bbox 708 5238 1359 5313">
     <span class='ocr_line' id='line_1_43' title="bbox 708 5238 1359 5313; baseline -0.012 -14"><span class='ocrx_word' id='word_1_355' title='bbox 708 5245 736 5313; x_wconf 92' lang='grc'>1)</span> <span class='ocrx_word' id='word_1_356' title='bbox 755 5244 845 5300; x_wconf 88' lang='lat' dir='ltr'>Locus</span> <span class='ocrx_word' id='word_1_357' title='bbox 861 5241 994 5311; x_wconf 81' lang='lat' dir='ltr'>imaginis.</span> <span class='ocrx_word' id='word_1_358' title='bbox 1013 5270 1045 5280; x_wconf 90' lang='lat'>-</span> <span class='ocrx_word' id='word_1_359' title='bbox 1073 5240 1102 5310; x_wconf 81' lang='lat'>2)</span> <span class='ocrx_word' id='word_1_360' title='bbox 1121 5238 1185 5294; x_wconf 87' lang='lat' dir='ltr'>Cod.</span> <span class='ocrx_word' id='word_1_361' title='bbox 1205 5240 1359 5294; x_wconf 77' lang='lat' dir='ltr'>eccmsitns.</span> 
     </span>
    </p>

    <p class='ocr_par' dir='ltr' id='par_1_16' title="bbox 610 5324 2344 5487">
     <span class='ocr_line' id='line_1_44' title="bbox 709 5324 2344 5400; baseline -0.002 -15"><span class='ocrx_word' id='word_1_362' title='bbox 709 5331 739 5400; x_wconf 87' lang='grc'>3)</span> <span class='ocrx_word' id='word_1_363' title='bbox 759 5329 821 5385; x_wconf 90' lang='lat' dir='ltr'>Nou</span> <span class='ocrx_word' id='word_1_364' title='bbox 838 5329 975 5399; x_wconf 87' lang='lat' dir='ltr'>protinus,</span> <span class='ocrx_word' id='word_1_365' title='bbox 999 5328 1048 5384; x_wconf 90' lang='lat' dir='ltr'>sed</span> <span class='ocrx_word' id='word_1_366' title='bbox 1069 5343 1093 5382; x_wconf 85' lang='lat' dir='ltr'>s.</span> <span class='ocrx_word' id='word_1_367' title='bbox 1112 5325 1259 5380; x_wconf 81' lang='lat' dir='ltr'>mnuxlv</span> <span class='ocrx_word' id='word_1_368' title='bbox 1282 5326 1310 5379; x_wconf 90' lang='lat' dir='ltr'>in</span> <span class='ocrx_word' id='word_1_369' title='bbox 1330 5324 1447 5394; x_wconf 84' lang='lat' dir='ltr'>petriam</span> <span class='ocrx_word' id='word_1_370' title='bbox 1471 5324 1553 5381; x_wconf 88' lang='lat' dir='ltr'>rediit</span> <span class='ocrx_word' id='word_1_371' title='bbox 1575 5324 1691 5381; x_wconf 89' lang='lat' dir='ltr'>testibus</span> <span class='ocrx_word' id='word_1_372' title='bbox 1709 5324 1827 5381; x_wconf 89' lang='lat' dir='ltr'>Pistorio</span> <span class='ocrx_word' id='word_1_373' title='bbox 1847 5324 1969 5397; x_wconf 84' lang='lat' dir='ltr'>aliisque.</span> <span class='ocrx_word' id='word_1_374' title='bbox 2005 5330 2036 5385; x_wconf 93' lang='lat' dir='ltr'>ln</span> <span class='ocrx_word' id='word_1_375' title='bbox 2054 5332 2140 5400; x_wconf 84' lang='lat' dir='ltr'>Albo,</span> <span class='ocrx_word' id='word_1_376' title='bbox 2166 5330 2236 5385; x_wconf 91' lang='lat' dir='ltr'>unde</span> <span class='ocrx_word' id='word_1_377' title='bbox 2254 5336 2344 5384; x_wconf 82' lang='lat' dir='ltr'>cetere</span> 
     </span>
     <span class='ocr_line' id='line_1_45' title="bbox 610 5411 2022 5487; baseline -0.006 -17"><span class='ocrx_word' id='word_1_378' title='bbox 610 5413 733 5471; x_wconf 85' lang='lat' dir='ltr'>desnmls</span> <span class='ocrx_word' id='word_1_379' title='bbox 751 5422 827 5487; x_wconf 90' lang='lat' dir='ltr'>sunt,</span> <span class='ocrx_word' id='word_1_380' title='bbox 846 5415 957 5472; x_wconf 90' lang='lat' dir='ltr'>deeius</span> <span class='ocrx_word' id='word_1_381' title='bbox 974 5416 1097 5470; x_wconf 85' lang='lat' dir='ltr'>discessu</span> <span class='ocrx_word' id='word_1_382' title='bbox 1114 5413 1183 5468; x_wconf 89' lang='lat' dir='ltr'>nibil</span> <span class='ocrx_word' id='word_1_383' title='bbox 1200 5411 1343 5481; x_wconf 86' lang='lat' dir='ltr'>reperitur.</span> <span class='ocrx_word' id='word_1_384' title='bbox 2013 5459 2022 5481; x_wconf 74' lang='lat'>‚</span> 
     </span>
    </p>

    <p class='ocr_par' dir='ltr' id='par_1_17' title="bbox 609 5496 2344 5660">
     <span class='ocr_line' id='line_1_46' title="bbox 707 5496 2344 5572; baseline -0.002 -15"><span class='ocrx_word' id='word_1_385' title='bbox 707 5503 737 5572; x_wconf 82' lang='lat' dir='ltr'>l)</span> <span class='ocrx_word' id='word_1_386' title='bbox 755 5503 801 5560; x_wconf 90' lang='lat' dir='ltr'>Sic</span> <span class='ocrx_word' id='word_1_387' title='bbox 823 5503 883 5559; x_wconf 88' lang='lat' dir='ltr'>cod.</span> <span class='ocrx_word' id='word_1_388' title='bbox 900 5502 1052 5558; x_wconf 87' lang='lat' dir='ltr'>Febronius</span> <span class='ocrx_word' id='word_1_389' title='bbox 1078 5501 1152 5569; x_wconf 85' lang='lat' dir='ltr'>ipse,</span> <span class='ocrx_word' id='word_1_390' title='bbox 1182 5499 1259 5556; x_wconf 87' lang='lat' dir='ltr'>cuius</span> <span class='ocrx_word' id='word_1_391' title='bbox 1282 5498 1401 5556; x_wconf 80' lang='lat' dir='ltr'>carmina</span> <span class='ocrx_word' id='word_1_392' title='bbox 1429 5514 1509 5555; x_wconf 88' lang='lat' dir='ltr'>manu</span> <span class='ocrx_word' id='word_1_393' title='bbox 1533 5499 1636 5568; x_wconf 87' lang='lat' dir='ltr'>scripte</span> <span class='ocrx_word' id='word_1_394' title='bbox 1658 5497 1686 5554; x_wconf 91' lang='lat' dir='ltr'>in</span> <span class='ocrx_word' id='word_1_395' title='bbox 1711 5496 1876 5555; x_wconf 82' lang='lat' dir='ltr'>bibliotheca</span> <span class='ocrx_word' id='word_1_396' title='bbox 1903 5499 2059 5556; x_wconf 83' lang='lat' dir='ltr'>Caesellsna</span> <span class='ocrx_word' id='word_1_397' title='bbox 2084 5506 2202 5567; x_wconf 86' lang='lat' dir='ltr'>exstent,</span> <span class='ocrx_word' id='word_1_398' title='bbox 2236 5498 2344 5569; x_wconf 86' lang='lat' dir='ltr'>scripsit</span> 
     </span>
     <span class='ocr_line' id='line_1_47' title="bbox 609 5587 1101 5660; baseline -0.002 -17"><span class='ocrx_word' id='word_1_399' title='bbox 609 5590 735 5660; x_wconf 70' lang='lat' dir='ltr'>compita</span> <span class='ocrx_word' id='word_1_400' title='bbox 755 5620 787 5631; x_wconf 93' lang='lat'><em>-</em></span> <span class='ocrx_word' id='word_1_401' title='bbox 812 5591 843 5659; x_wconf 80' lang='lat' dir='ltr'>li)</span> <span class='ocrx_word' id='word_1_402' title='bbox 859 5590 949 5647; x_wconf 82' lang='lat' dir='ltr'>Locus</span> <span class='ocrx_word' id='word_1_403' title='bbox 967 5587 1101 5658; x_wconf 82' lang='lat' dir='ltr'>imaginis.</span> 
     </span>
    </p>
   </div>
   <div class='ocr_carea' id='block_1_12' title="bbox 0 0 2787 6980">
    <p class='ocr_par' dir='ltr' id='par_1_18' title="bbox 0 0 2787 6980">
     <span class='ocr_line' id='line_1_48' title="bbox 0 0 2787 6980; baseline 0 0"><span class='ocrx_word' id='word_1_404' title='bbox 0 0 2787 6980; x_wconf 95' lang='lat' dir='ltr'> </span> 
     </span>
    </p>
   </div>
  </div>
 </body>
</html>
