5534 6984
1103 1020 1232 1076 Nosque
1247 1019 1346 1076 eolittls
1364 1018 1463 1076 aetas
1480 1019 1616 1089 inquirere
1628 1020 1724 1089 fontes

1138 1106 1220 1161 Nune
1237 1106 1320 1161 ooloit
1335 1105 1435 1173 nodos,
1446 1105 1522 1174 solae
1541 1105 1683 1177 Sophiste,
1702 1112 1770 1161 tuoe.

1101 1192 1218 1248 medua
1234 1193 1279 1247 dio
1295 1190 1399 1247 dudum
1416 1198 1511 1248 nostro
1529 1193 1662 1248 Lonicere
1680 1193 1790 1264 choeo

1137 1278 1232 1333 Notus
1248 1294 1323 1345 aar,
1340 1279 1428 1333 omini
1444 1277 1537 1333 oioido
1549 1278 1646 1347 fornia
1664 1280 1712 1333 tui.
1724 1279 1749 1347 ¹)

1102 1367 1142 1421 At
1161 1380 1233 1419 aune
1248 1366 1365 1434 pictoria
1382 1365 1447 1419 dom
1466 1371 1491 1421 te
1508 1380 1605 1419 monus
1623 1366 1730 1420 exbibet
1747 1364 1814 1431 orbi,

1136 1451 1271 1506 Aeoemoe
1284 1450 1338 1520 fles
1354 1451 1448 1505 notior
1464 1465 1549 1519 sieque
1567 1451 1677 1521 plopoe,

1104 1536 1235 1592 Nobilior
1252 1537 1336 1592 donec
1352 1537 1449 1592 tollens
1468 1542 1493 1591 te
1505 1536 1589 1605 samo
1606 1538 1655 1591 aab
1674 1552 1759 1591 ouras

1140 1622 1296 1679 &rubim
1311 1622 1437 1679 colebam
1450 1623 1526 1691 iuria
1543 1624 1573 1679 io
1590 1638 1653 1678 orec
1671 1620 1772 1676 ducem

1283 1887 1452 1955 Lazarus
1477 1887 1688 1956 Schonerus

1404 1994 1569 2063 Phanouv)

720 2137 780 2205 Hic
792 2135 997 2219 Philosophus
1019 2139 1053 2202 et
1072 2135 1195 2220 quidam
1215 2153 1285 2204 oum
1304 2136 1413 2219 primis
1427 2136 1665 2202 Mathematicus
1675 2136 1704 2218 ⁸)
1724 2139 1815 2201 erma
1836 2140 1958 2203 omnem
1977 2138 2093 2219 ingenii
2112 2138 2211 2207 almm
2230 2141 2351 2223 positus

623 2238 715 2305 lusto
735 2237 858 2319 Vrrltejo
878 2236 1041 2302 demortuo
1050 2234 1085 2319 ⁴)
1114 2236 1409 2319 Paedagogiarchae
1435 2254 1547 2302 munus
1572 2252 1681 2303 curare
1698 2234 1845 2318 jubetur,
1872 2253 1969 2318 quum
1995 2242 2089 2303 antea
2110 2239 2234 2306 scholae
2255 2240 2352 2307 Hers-

623 2337 752 2403 ieldensi
778 2336 966 2419 praefuisset
986 2336 1113 2403 Raetos.
1162 2336 1224 2404 Sed
1250 2336 1331 2402 enim
1353 2354 1424 2401 cum
1444 2336 1495 2401 vix
1514 2334 1649 2401 muneris
1675 2334 1787 2417 publici
1815 2340 1940 2417 partem
1968 2336 2049 2403 hanc
2076 2338 2249 2422 attigisset,
2283 2359 2351 2407 cum

622 2456 686 2504 non
707 2441 817 2519 posset
837 2454 875 2501 eo
896 2436 1028 2519 adduci,
1055 2441 1092 2502 ut
1108 2435 1275 2519 pristinum
1294 2436 1424 2502 docendi
1445 2436 1479 2500 in
1498 2434 1696 2517 Paedagogio
1718 2434 1843 2501 modum
1864 2436 2031 2517 retineret,
2058 2438 2173 2521 quippe
2194 2440 2247 2521 qui
2268 2445 2352 2506 esset

623 2541 711 2603 totus
742 2538 894 2619 Rameus,
932 2536 1036 2602 locum
1072 2540 1106 2602 et
1136 2555 1248 2602 munus
1282 2554 1365 2601 anno
1392 2534 1603 2599 MDLXXIIX
1631 2535 1726 2605 cessit
1754 2534 1869 2599 loanni
1896 2536 2057 2603 Ferinario
2085 2541 2119 2602 et
2148 2536 2352 2605 Corbachium

623 2636 783 2718 digressus
803 2636 936 2717 primum
957 2635 1049 2701 istius
1069 2635 1129 2703 loci
1149 2635 1284 2702 scholam
1305 2634 1484 2716 constituit,
1507 2633 1618 2699 deinde
1640 2634 1681 2699 ad
1702 2632 1856 2700 Simonem
1879 2634 2028 2701 Comitem
2046 2635 2246 2719 Lippiensem
2264 2638 2352 2719 abiit,

620 2734 675 2801 nbi
697 2754 820 2819 quoque
839 2753 897 2817 per
916 2734 1036 2817 aliquot
1064 2752 1162 2801 annos
1189 2735 1365 2817 gubernata
1392 2734 1538 2817 primaria
1565 2734 1663 2799 dmm
1690 2751 1760 2800 cum
1787 2738 1889 2800 morte
1918 2737 2120 2802 commutavit
2146 2754 2241 2803 senex
2267 2756 2350 2804 anno

621 2833 782 2901 MDCVIL
829 2833 1013 2900 Harbornae
1039 2852 1163 2916 quoque
1196 2833 1403 2917 professorem
1432 2835 1497 2916 egit
1523 2834 1606 2899 eirca
1634 2851 1749 2899 annum
1776 2833 2039 2918 MDXXCVIPJ.
2091 2836 2243 2902 Interea
2271 2854 2351 2919 quse

622 2934 787 3002 lucubrare
807 2934 836 2999 ei
854 2933 988 3015 placuit,
1013 2938 1124 2999 extant
1145 2954 1225 3017 opus
1245 2935 1494 3019 Astrolopicum,
1524 2934 1744 3000 Institutiooes
1766 2932 1980 3002 Geooeetriooe
2000 2939 2034 3001 et
2053 2936 2089 3001 io
2108 2936 2350 3004 Aritborctieam

622 3035 724 3101 Romi
743 3033 973 3114 numerarii,
1001 3031 1083 3100 unde
1109 3032 1192 3100 illius
1219 3034 1253 3099 in
1276 3035 1335 3101 hoc
1361 3034 1561 3103 scientiarum
1587 3050 1702 3115 genere
1729 3033 1948 3101 dexteritatem
1976 3040 2009 3101 et
2039 3034 2160 3117 copiam
2184 3036 2350 3103 aestimare

621 3133 766 3215 limam).

1236 3408 1369 3475 Petrus
1392 3407 1568 3491 Nigidius
1596 3408 1617 3473 J
1623 3409 1732 3475 unior

718 3567 854 3636 Senioris
874 3566 955 3633 illius
976 3565 1062 3633 Petri
1085 3567 1125 3632 de
1141 3565 1308 3647 juventute
1328 3565 1444 3647 optime
1464 3564 1568 3630 meriti
1595 3562 1675 3632 fihus
1703 3583 1797 3647 quum
1825 3582 1952 3647 operam
1981 3582 2070 3631 suam
2096 3566 2129 3630 in
2154 3566 2348 3633 instituenda

617 3667 783 3751 iuventute
804 3666 932 3733 classica
952 3666 983 3732 in
998 3664 1219 3748 Marpnrgemi
1231 3663 1427 3747 Paedagogio
1448 3665 1640 3743 collocasset,
1660 3682 1742 3730 anno
1757 3664 1972 3749 Muhxxvv)
1993 3665 2036 3730 ad
2049 3684 2118 3731 eam
2131 3666 2349 3749 Philosophiae

620 3770 760 3849 partem,
788 3767 822 3831 in
842 3785 905 3849 qua
925 3765 1072 3832 debonis
1093 3764 1187 3831 rebus
1207 3765 1364 3846 etmalis,
1392 3764 1491 3848 deque
1513 3763 1674 3829 hominum
1700 3765 1767 3829 vita
1789 3769 1822 3829 et
1843 3765 1979 3831 moribus
2002 3766 2198 3849 disputatur,
2227 3766 2349 3850 publice

619 3865 653 3930 in
667 3866 832 3932 doadunia
846 3865 1014 3931 docendam
1028 3865 1220 3930 authoritate
1233 3864 1358 3945 pubhca
1373 3882 1394 3928 a
1413 3864 1556 3946 patribus
1578 3864 1761 3946 interposita
1776 3883 1809 3930 se
1822 3866 1987 3931 transtulit
1999 3870 2032 3931 et
2046 3866 2254 3949 quinquennio
2274 3872 2348 3948 post

618 3965 700 4048 jnris
719 3982 783 4031 non
808 3965 934 4047 ignarum
962 3968 995 4029 et
1016 3963 1121 4046 legum
1137 3982 1158 4029 a
1175 3963 1295 4045 Vigelio
1322 3963 1444 4045 collegii
1463 3963 1762 4029 Iurisconsultorum
1782 3964 1906 4031 demeto
1936 3966 2064 4031 summis
2080 3966 2161 4049 juris
2183 3967 2345 4049 utriusque

619 4064 791 4131 honoribus
811 4068 923 4130 auctus
945 4067 997 4129 est
1016 4064 1115 4129 sexIes
1136 4062 1394 4145 Philosophorum
1406 4062 1438 4144 ⁸)
1466 4063 1582 4128 ordinis
1603 4063 1736 4127 Decmio
1767 4067 1810 4153 et,
1826 4062 1873 4129 bis
1895 4065 2080 4131 Academiae
2108 4066 2203 4148 ipsine
2224 4065 2346 4131 Rector.

619 4164 790 4232 Gacoerum
809 4182 902 4247 quum
923 4163 1025 4245 prima
1045 4163 1126 4244 rice,
1146 4163 1178 4228 id
1200 4162 1284 4245 quod
1304 4162 1337 4227 in
1358 4179 1474 4228 annmu
1493 4162 1603 4230 incidit
1617 4160 1841 4245 MDXXGVII,
1862 4163 2061 4246 Reipublicae
2081 4164 2234 4231 assideret
2251 4165 2348 4247 clavo,

620 4264 806 4331 Guilielmus
825 4263 974 4345 Princeps
1001 4262 1097 4328 fihum
1124 4279 1212 4328 suum
1239 4260 1420 4327 Mauritium
1447 4262 1533 4327 misit
1561 4261 1782 4344 Marpurgum,
1815 4267 1852 4328 ut
1873 4263 2014 4345 ejrusdem
2043 4264 2076 4329 in
2098 4263 2293 4346 Theologicis
2314 4272 2347 4331 et

619 4362 846 4445 Philosophicis
875 4362 987 4429 studiis
1014 4362 1252 4444 explanarentur
1281 4379 1484 4443 progressus,
1519 4379 1612 4443 quum
1641 4362 1699 4427 XV
1730 4360 1795 4428 fere
1822 4364 1937 4428 aetatis
1973 4381 2088 4429 annum
2121 4364 2347 4447 complevisset.

619 4462 724 4545 Atque
744 4463 772 4529 is
793 4462 919 4546 quidem
937 4466 1084 4545 prompta
1106 4466 1141 4527 et
1159 4464 1274 4542 parata
1294 4460 1327 4525 in
1348 4460 1564 4543 respondendo
1586 4462 1746 4528 celeritate
1772 4461 1922 4527 exemmis
1949 4463 2128 4544 praesidum
2156 4462 2347 4545 dihgentiam

719 4659 747 4727 1)
764 4658 855 4713 Locus
872 4657 1002 4726 imaginis.

718 4746 748 4813 2)
766 4743 841 4811 Quae
859 4759 876 4798 a
893 4743 1030 4799 Striedero
1048 4742 1098 4798 sub
1116 4744 1175 4814 ejus
1192 4742 1300 4799 nomine
1319 4742 1401 4814 XIII,
1419 4758 1446 4811 p.
1462 4744 1511 4797 185
1528 4758 1585 4815 sqq.
1604 4744 1768 4816 reienmtnr,
1786 4760 1880 4802 eorum
1896 4748 2113 4817 supplementum
2131 4747 2203 4803 hand
2222 4748 2346 4819 exiguum

619 4829 748 4886 exhibent
764 4829 834 4888 Add.
852 4830 884 4884 T.
902 4830 981 4900 XIV,
999 4847 1025 4899 p.
1045 4832 1096 4885 362
1113 4845 1171 4898 sqq.
1204 4828 1328 4899 Nigidius
1347 4844 1408 4883 eum
1425 4828 1496 4885 inter
1514 4844 1560 4885 eos
1578 4829 1672 4905 habet,
1700 4831 1746 4902 qui
1763 4830 1851 4889 adhuc
1867 4835 2028 4903 superstites
2045 4834 2101 4891 alio
2118 4848 2149 4891 aa
2168 4835 2345 4893 contulerunt.

716 4916 747 4985 3)
763 4916 854 4971 Locus
871 4916 1002 4984 Imaginia.

716 5002 748 5071 4)
766 5001 800 5057 D.
818 5003 852 5057 V.
867 5000 942 5070 Sept
960 5016 984 5057 a
1005 5002 1070 5056 1575
1087 5006 1159 5057 teate
1177 5000 1249 5057 Albo
1266 5000 1341 5056 acad.

716 5089 746 5157 5)
764 5088 807 5141 Ex
826 5088 880 5156 eis,
899 5102 970 5156 quae
988 5086 1040 5142 Str.
1057 5086 1159 5157 attulit,
1179 5102 1203 5142 a.
1223 5089 1289 5142 1586
1306 5086 1470 5156 carbachio,
1492 5090 1560 5143 1588
1578 5086 1719 5145 Herboma
1738 5089 1871 5147 diacesm

717 5174 747 5242 6)
764 5173 917 5243 Insequitur
933 5189 1047 5243 parrum
1063 5175 1180 5242 spatium
1196 5188 1318 5228 vacnum.

715 5260 745 5328 7)
763 5258 816 5315 Per
832 5260 941 5331 calami,
959 5266 990 5315 nt
1006 5258 1126 5329 ridetur,
1145 5260 1250 5329 lapsum
1266 5258 1320 5313 Dil.
1338 5257 1409 5313 hano
1426 5273 1524 5313 annum
1541 5256 1650 5327 scripsit
1666 5275 1715 5328 pro
1733 5259 1878 5329 effluxu,
1897 5275 1978 5329 quem
1994 5262 2077 5318 habet
2094 5262 2238 5331 Pistoriae,
2257 5262 2344 5331 etqui

619 5344 744 5403 convenit
760 5361 821 5401 cum
838 5361 908 5401 anno
925 5360 1087 5401 summorum
1104 5346 1210 5416 injure
1225 5346 1357 5402 honorum
1374 5344 1593 5415 impetratorum,
1612 5359 1690 5416 quem
1708 5345 1840 5401 MDLXX
1857 5346 1941 5403 tuisse
1959 5362 1994 5403 ex
2012 5347 2109 5405 dunat.
2128 5346 2203 5404 acad
2220 5352 2304 5417 potet.

721 5430 750 5501 8)
768 5431 861 5501 Imago
877 5430 988 5500 Nigidii.
