5534 6984
576 773 621 850 26

575 957 715 1039 abunde,
736 955 792 1027 sed
813 956 859 1024 ita
877 958 1000 1034 maten,
1026 958 1062 1022 ut
1083 952 1335 1020 exercitationem
1356 950 1472 1019 mentis
1491 949 1532 1012 ab
1552 947 1662 1016 huam
1683 966 1788 1015 rerum
1810 947 1923 1013 studiis
1942 947 1984 1014 ad
2005 946 2184 1015 reconditas
2206 955 2241 1016 ot
2260 949 2315 1014 ah-

575 1063 697 1124 strusas
718 1055 840 1120 cinnae
860 1051 1012 1118 bonitatis
1033 1069 1108 1133 opes
1130 1051 1162 1116 in
1194 1050 1292 1115 moris
1312 1049 1414 1113 literis
1434 1047 1524 1113 nohis
1543 1046 1739 1128 praepositas
1760 1046 1949 1114 traduceret.
1993 1046 2174 1114 Transtulit
2194 1049 2316 1114 enimc

576 1157 698 1223 Graeco
723 1154 755 1219 in
782 1153 928 1218 Latinum
957 1149 1113 1216 lhmdnli
1145 1148 1359 1232 Ooelespriae.
1372 1147 1543 1228 Episcopi,
1571 1150 1607 1210 nt
1625 1149 1772 1226 putatur,
1804 1145 2057 1211 Euarrutioucm
2083 1146 2252 1227 Epistolae
2272 1148 2316 1211 ad

576 1258 737 1328 Rornauos
756 1269 774 1317 e
795 1249 960 1330 Theologis
981 1247 1111 1315 Graecis
1133 1252 1331 1329 congestam:
1360 1243 1627 1328 theophylatum
1656 1244 1753 1309 eham
1773 1243 2011 1310 Ercarraticues
2032 1246 2068 1310 in
2090 1266 2195 1312 munes
2215 1247 2316 1313 Pauli

576 1353 743 1437 Epistulas
765 1358 795 1418 et
816 1349 996 1431 Prophetas
1017 1348 1140 1430 aliquot
1159 1348 1298 1413 minores
1319 1345 1494 1412 Latinitate
1514 1343 1658 1409 donavit:
1688 1341 1852 1410 Nicandri
1878 1343 1953 1407 item
1976 1344 2134 1411 lineriaco
2154 1353 2184 1412 et
2204 1346 2316 1411 Alcai-

568 1452 751 1534 pharmaca
771 1448 903 1531 adjectis
924 1446 1063 1513 scholiis:
1094 1446 1259 1528 Sophoclis
1285 1444 1420 1530 Ajacem
1437 1443 1686 1529 stapelliferam:
1717 1440 1909 1510 Callimachi
1937 1442 2068 1525 hymnos
2094 1446 2130 1509 in
2149 1444 2260 1511 Jouem
2287 1453 2317 1510 et

575 1551 777 1634 Apollinem:
795 1548 938 1615 Pindari
952 1563 1076 1628 quoque
1087 1543 1247 1629 Olympia,
1267 1543 1397 1630 Pythia,
1417 1543 1545 1622 Nausea,
1564 1542 1703 1609 Isthmia
1717 1540 1904 1624 etchurpi
1915 1541 1944 1622 ²)
1963 1541 2118 1608 aduersus
2134 1544 2317 1610 Manatum

576 1652 752 1717 orationem
772 1646 879 1712 addito
902 1645 1128 1728 philosophiae
1150 1644 1312 1714 Eunomia.
1359 1640 1469 1710 Edidit
1495 1646 1661 1724 praeterea
1692 1640 1878 1710 Gatcchesin
1904 1641 1943 1706 de
1964 1642 2046 1707 hona
2068 1641 2133 1708 Dei
2155 1645 2317 1711 uoluntate

577 1772 654 1834 erpa
676 1750 816 1831 quemuis
838 1745 1060 1812 Ohristiaunm
1080 1744 1178 1826 deque
1204 1743 1397 1810 Sanctorum
1422 1741 1510 1808 multu
1537 1748 1567 1807 et
1587 1743 1802 1807 inuocatione:
1833 1741 2011 1807 methodum
2034 1740 2178 1808 Graecae
2200 1743 2316 1810 Oram-

575 1852 707 1915 matices
727 1853 756 1914 et
770 1846 955 1913 mimas
969 1843 1126 1910 Latinae:
1149 1843 1249 1908 Artes
1269 1841 1443 1921 docendi⁸)
1462 1841 1656 1905 methodum:
1678 1840 1902 1906 Dauostheuis
1931 1843 2106 1906 orationem
2127 1842 2315 1925 sruuehrem:

578 1949 723 2014 &aecae
746 1946 875 2029 linguae
889 1944 1093 2010 Erucomium:
1116 1941 1302 2009 Oonciouom
1318 1941 1398 2026 Opri
1411 1939 1589 2004 Persarum
1602 1939 1719 2022 Rapis:
1743 1939 1929 2008 Ooncioucm
1947 1939 2114 2005 Oleocriti:
2133 1939 2260 2029 Scholia
2284 1944 2318 2005 iu

577 2045 784 2113 Dioscuridis
810 2043 909 2110 libros
938 2041 977 2108 de
1005 2042 1143 2108 materia
1170 2042 1294 2106 medica
1320 2059 1390 2106 cum
1416 2038 1664 2104 nomenclatoris
1699 2038 1847 2117 Graecis,
1882 2038 2028 2117 Latinis,
2059 2038 2261 2104 Gerruanicis
2289 2048 2318 2104 et

578 2145 766 2211 Hebraicis:
790 2142 985 2224 (lanipendio
1004 2141 1159 2206 librorum
1177 2141 1301 2220 aliquot
1315 2138 1503 2203 Aristotelis
1525 2142 1558 2202 et
1571 2137 1760 2204 Ethicorum
1783 2138 1827 2203 ad
1839 2139 2066 2203 ilhcoruuchum
2084 2139 2318 2220 compendium:

577 2243 833 2327 Epr'thulumium
860 2240 1020 2307 Graccum
1047 2241 1083 2303 iu
1110 2237 1202 2303 Justi
1232 2236 1368 2303 Studaei
1394 2238 1554 2318 pralium:
1594 2235 1715 2302 Galerii
1741 2253 1865 2318 qnoque
1899 2237 1998 2303 libros
2025 2239 2064 2302 de
2090 2259 2151 2302 usu
2171 2242 2320 2318 partium

577 2343 710 2409 humani
721 2341 865 2421 corporis
876 2340 910 2404 in
920 2338 1120 2420 quaestiones
1131 2335 1283 2401 dilucidas
1300 2341 1332 2401 et
1342 2336 1516 2400 succinctas
1526 2335 1656 2416 redegit.
1684 2334 1766 2414 Quin
1777 2341 1810 2401 et
1823 2335 2320 2420 OratimresDeclamationesque

577 2440 702 2523 scripsit
724 2444 758 2505 at
776 2437 888 2503 habuit
907 2434 1073 2517 plurimas,
1103 2453 1235 2517 quanim
1256 2435 1378 2516 aliquot
1399 2434 1482 2516 typis
1503 2434 1684 2515 evulgatae:
1714 2439 1748 2500 ct
1768 2453 1808 2499 cr
1827 2435 1868 2499 iis
1891 2434 2007 2501 Oratio
2027 2437 2072 2500 ad
2090 2436 2320 2518 Imperatorem

579 2539 732 2608 Oarolum
764 2536 799 2603 V.
833 2555 899 2617 pra
927 2535 1139 2616 impetrandis
1171 2535 1357 2617 privilegiis
1396 2532 1623 2600 Universitatis
1654 2534 1856 2600 Hassiacae:
1897 2534 2124 2601 Oeuethliucon
2152 2537 2319 2620 Principis

585 2637 745 2706 Wilhetmi
772 2634 888 2702 Hessi:
924 2633 1036 2700 Oratio
1063 2633 1216 2716 summis
1244 2640 1274 2700 et
1302 2633 1463 2713 Epricedia
1497 2635 1534 2698 iu
1561 2633 1636 2699 Joa.
1663 2633 1773 2698 Ficini
1804 2632 2001 2699 Oancellarii
2027 2635 2163 2699 obitum:
2206 2634 2319 2701 Oratio

578 2741 613 2803 in
633 2741 764 2802 mortem
784 2734 859 2801 dou.
879 2733 1032 2798 Ferrarii
1047 2733 1215 2798 Montani:
1238 2731 1359 2798 Luctus
1379 2738 1411 2798 et
1429 2731 1613 2813 Epitaphia
1638 2734 1674 2796 iu
1684 2733 1792 2814 sunus
1814 2731 1973 2813 Oasparis
1994 2733 2175 2815 Rudolphi:
2207 2734 2320 2801 Oratio

578 2837 617 2902 de
644 2835 737 2900 uerbo
765 2835 951 2899 incarnata:
982 2830 1095 2896 Oratio
1130 2832 1169 2896 cla
1196 2831 1323 2897 meliori
1349 2831 1523 2896 literatura
1548 2832 1807 2912 amplectanda‘)
1835 2833 1880 2896 ud
1906 2832 2085 2898 studiosam
2105 2836 2319 2916 juveututan:
2402 2850 2404 2853 ·

578 2935 797 3016 Epitalamia,
826 2931 1000 3012 Epicadiu,
1028 2930 1276 3014 Epigrammata
1301 2931 1442 2995 moralia
1472 2930 1649 3009 innumera,
1676 2948 1757 3011 quae
1781 2930 1905 3011 singula
1933 2947 2098 2998 recensere
2125 2934 2169 2998 nil
2196 2935 2319 2999 attinet.

579 3033 749 3112 Magistros
775 3031 809 3094 in
834 3028 895 3094 hac
917 3029 1101 3110 Academia,
1128 3029 1202 3094 item
1229 3029 1459 3094 Baccnlaureos
1487 3047 1571 3094 anno
1591 3029 1711 3094 DXXX
1738 3030 1894 3095 communi
1922 3049 2075 3097 consensu
2103 3037 2136 3096 ei
2162 3032 2320 3113 suffragiis

578 3129 773 3198 renunciavit
794 3128 931 3193 omnium
954 3128 1084 3210 primus,
1110 3127 1256 3194 undecies
1279 3128 1505 3210 Philosophiae,
1529 3128 1577 3194 bis
1602 3127 1791 3209 Theologiae
1811 3129 1958 3211 Decurio,
1978 3135 2186 3212 quartumque
2205 3133 2320 3196 Rector

578 3227 772 3310 magnificus.
822 3226 990 3292 Caeterum
1020 3243 1102 3292 anuo
1130 3227 1231 3292 DLIV
1253 3227 1297 3292 ad
1325 3227 1553 3308 Theologorum
1575 3226 1738 3293 traductus
1759 3227 1907 3293 subsellia
1930 3247 2057 3310 operam
2084 3231 2117 3293 in
2140 3229 2320 3310 explicando

579 3327 748 3394 Malthace
767 3326 978 3409 Eaaupalista
997 3325 1103 3406 posuit
1132 3331 1166 3391 et
1185 3326 1333 3391 dmennio
1353 3331 1443 3408 post,
1471 3344 1554 3392 anno
1582 3326 1727 3392 nimirum
1747 3326 1928 3410 MDLXIV,
1950 3328 2080 3409 jubente
2100 3329 2146 3392 ita
2167 3329 2321 3412 Principe,

578 3427 738 3509 annuam
765 3426 798 3490 in
826 3425 886 3491 hac
915 3425 1083 3492 Academia
1112 3424 1302 3507 Theologiae
1326 3425 1445 3492 Ductor
1474 3426 1640 3492 salutatur.
1699 3425 1750 3491 Sic
1780 3426 1820 3491 ab
1849 3443 1932 3491 nnnc
1961 3427 2146 3492 MDXXVII
2178 3428 2322 3509 nuspiam

578 3527 758 3607 interrupta
785 3525 865 3590 serie
892 3524 1044 3591 Graecam
1071 3523 1209 3606 linguam
1239 3523 1398 3606 professus
1432 3528 1483 3590 cst
1508 3543 1565 3606 per
1592 3524 1802 3606 quamaginta
1829 3524 1909 3590 duos
1940 3542 2038 3590 annos
2067 3545 2138 3591 cum
2164 3527 2322 3608 primariis

577 3625 764 3692 Academiae
786 3621 1019 3690 Professoribus
1046 3623 1108 3704 ita,
1135 3628 1173 3690 ut
1197 3624 1292 3688 etiam
1319 3624 1361 3687 ab
1390 3641 1473 3688 anno
1493 3623 1654 3688 DXXhVI
1679 3641 1779 3704 :aqua
1798 3624 1839 3689 ad
1860 3642 1975 3690 annum
1997 3625 2129 3690 DXLVI
2146 3624 2322 3690 Hebraeum

579 3723 671 3790 simul
692 3723 832 3803 linguam
853 3721 1002 3787 timuerit.
1045 3721 1184 3787 Tandem
1203 3721 1430 3804 Theologorum
1451 3722 1624 3803 asscriptus
1645 3722 1740 3786 classi
1759 3723 1835 3787 XXI
1856 3740 1955 3788 annos
1975 3723 2008 3787 in
2029 3722 2090 3788 hac
2111 3743 2174 3788 una
2201 3724 2322 3788 ratione

579 3821 750 3890 tractanda
771 3819 935 3885 habitavit.
983 3820 1063 3888 Erat
1083 3827 1191 3888 autem
1213 3821 1280 3888 viro
1302 3820 1463 3901 ingenium
1484 3821 1561 3884 mite
1582 3825 1616 3885 et
1634 3821 1800 3902 placidum,
1828 3838 1993 3902 moresque
2013 3822 2179 3904 amabiles,
2200 3840 2323 3903 suaves,

580 3920 704 4000 senna,
730 3918 885 3984 mansneti
912 3919 1118 4002 humanique,
1147 3927 1179 3986 et
1199 3921 1264 3986 vita
1284 3919 1405 4000 sobria,
1434 3936 1528 4000 quam
1561 3924 1668 3984 secuta
1695 3919 1819 3984 demum
1841 3938 1923 3985 mors
1944 3920 2028 4002 piiss.
2058 3926 2090 3986 et
2111 3920 2323 4002 placidissima

579 4019 639 4084 XX
654 4019 704 4084 die
720 4016 796 4085 iulii
809 4017 839 4099 ⁸)
860 4035 942 4086 anno
957 4017 1029 4085 Ohr.
1041 4018 1185 4100 DLXIX,
1203 4020 1319 4084 notatis
1337 4036 1412 4085 vero
1433 4018 1535 4082 LXX:
1557 4019 1647 4101 cujus
1661 4019 1842 4084 memoriam
1863 4019 1948 4084 hisce
1968 4019 2110 4085 versibus
2131 4026 2322 4100 prosequtus

580 4121 630 4182 est
650 4116 766 4184 Petrus
787 4115 934 4198 Paganus

1065 4216 1202 4286 Ipnorant
1217 4216 1309 4281 multi,
1318 4218 1401 4285 picta
1413 4215 1464 4272 aa
1478 4215 1598 4283 inopus
1616 4221 1736 4283 gumiae

1100 4301 1187 4372 Saepe
1205 4300 1306 4374 depone
1323 4306 1406 4366 artes,
1424 4300 1614 4371 impetumque
1631 4301 1738 4358 honam

1066 4387 1197 4445 Maxima
1214 4386 1325 4444 deheim
1342 4386 1431 4458 capiti
1447 4386 1599 4442 reuerentia
1615 4401 1684 4442 cauo

1101 4472 1158 4528 Hic
1176 4472 1226 4528 tihi
1238 4472 1357 4542 pictoris
1375 4469 1450 4540 quod
1467 4470 1536 4525 rade
1552 4477 1690 4529 mmmtrat
1706 4487 1786 4542 opus.

687 4655 714 4722 i)
732 4652 798 4708 Ood.
820 4652 1017 4722 theophilacti.

685 4741 715 4808 2)
733 4737 798 4794 God
818 4738 942 4808 Idcurpi

684 4825 713 4894 3)
731 4823 777 4880 Sic
794 4824 926 4896 scriptum
944 4827 986 4878 cst
1002 4837 1020 4878 a
1034 4821 1107 4892 Dil.;¹
1120 4837 1186 4880 vera
1202 4823 1266 4878 libri
1281 4824 1422 4896 inscriptio
1440 4831 1482 4882 est
1500 4827 1570 4880 artis
1589 4823 1698 4880 duendi
1715 4827 1865 4882 macnus.

684 4909 714 4976 l)
734 4908 800 4966 Ood.
818 4907 1018 4980 amplectanda.

687 4993 717 5062 a)
735 4993 819 5049 Immo
836 4995 939 5064 primus
958 4992 1112 5060 theologiae
1128 4992 1233 5047 Doctor
1249 4991 1453 5061 Marburgonsis
1476 4993 1560 5050 lidsss
1583 4993 1699 5051 traditur
1716 4995 1855 5065 Hypatius
1873 5012 1897 5053 a
1917 4995 2040 5052 MDLIII
2064 5004 2179 5053 meatus.
2213 4996 2325 5051 Dilichii

582 5093 658 5134 orror
673 5077 736 5132 inda
753 5078 914 5148 explicatur,
933 5077 1006 5146 quod
1021 5082 1084 5146 post
1095 5077 1209 5146 Hyperii
1224 5083 1337 5132 mortem
1349 5094 1410 5132 curn
1422 5078 1562 5147 Marburgi
1574 5094 1652 5136 nemo
1671 5087 1791 5138 assaret
1806 5080 1860 5136 isto
1879 5082 1981 5137 honore
2001 5090 2119 5152 ornatus,
2138 5080 2325 5136 Theudoricus

582 5162 707 5232 Snepfius
718 5163 843 5232 Tutugi
852 5164 1000 5222 arcessitus
1014 5169 1056 5218 est
1071 5162 1107 5216 ad
1125 5162 1295 5218 declaratum
1304 5163 1527 5234 limburgensem
1545 5165 1758 5238 meliorandum,
1780 5166 1859 5222 ouius
1877 5167 1994 5237 insuam
2007 5167 2149 5232 Lonicero,
2169 5167 2213 5220 W.
2228 5166 2324 5221 Orthia

582 5253 611 5302 et
629 5247 734 5304 Victori
753 5248 876 5304 contulit
920 5247 1006 5314 Quam
1028 5261 1087 5303 rem
1111 5247 1325 5308 luculentissime
1349 5249 1485 5306 enarravit
1502 5248 1637 5306 hienricus
1661 5252 1761 5322 Heppe
1783 5251 1812 5306 in
1834 5251 1965 5310 zeitschr.
1991 5254 2008 5308 l.
2033 5254 2096 5310 hist.
2121 5252 2216 5308 Theoi.
2250 5254 2324 5306 1864.

582 5331 683 5389 XXIV.
702 5349 730 5404 p.
751 5334 801 5388 155
818 5348 876 5404 sqq.
912 5332 952 5390 ct
971 5331 1092 5405 ejusdem
1109 5330 1206 5392 Gescln
1224 5333 1249 5389 d.
1268 5332 1391 5392 henach.
1409 5334 1526 5390 Protest
1548 5334 1586 5390 11.
1604 5351 1631 5404 p.
1648 5338 1683 5390 96
1701 5351 1760 5406 sqq.
1939 5403 1944 5412 .

686 5418 721 5492 6),
735 5415 820 5483 mmo
838 5415 974 5482 cadunii
991 5417 1062 5484 hem
1082 5416 1134 5474 XX
1152 5420 1211 5476 eius
1229 5425 1343 5484 mortem
1361 5419 1445 5484 refert
1462 5420 1558 5477 Tilcm.
1577 5435 1611 5477 er
1626 5420 1698 5476 Albo
1716 5419 1880 5478 academico.
