5534 6984
2191 815 2212 882 7

468 1003 613 1072 berrimis
639 1001 827 1068 Germaniae
846 999 1040 1082 Amoenus,
1069 1017 1087 1065 e
1113 999 1245 1082 ombus,
1273 999 1370 1066 veluti
1398 1017 1477 1082 equo
1500 999 1654 1083 Trojano,
1678 999 1814 1068 artifices
1842 1008 1876 1068 et
1901 1001 2045 1084 magistri
2073 1003 2211 1068 exissent

467 1101 688 1186 propemodum
708 1099 830 1180 infiniti,
853 1119 922 1166 cum
943 1100 1035 1165 laude
1051 1099 1231 1164 docuissent
1253 1104 1349 1181 atque
1363 1099 1477 1183 fructu,
1497 1101 1596 1164 vitam
1618 1101 1781 1166 literarum
1796 1102 2006 1167 monumentis
2024 1101 2212 1183 descriptam

469 1194 677 1285 propagarent
698 1201 887 1282 posteritati.
931 1199 991 1263 Sed
1012 1199 1094 1263 enim
1117 1199 1191 1278 qnia
1213 1199 1379 1265 immensus
1398 1204 1457 1282 est,
1480 1218 1572 1282 quem
1586 1217 1756 1282 peragrare
1770 1202 1930 1283 constitui,
1951 1205 2085 1283 tractus,
2104 1219 2214 1268 cursus

469 1301 535 1386 ipse
557 1301 654 1366 veluti
668 1299 761 1365 metis
780 1297 962 1380 quibusdam
979 1297 1227 1378 distinguendus,
1250 1303 1283 1362 et
1305 1298 1495 1364 cohibendus
1516 1303 1575 1380 est,
1597 1318 1637 1364 ne
1658 1301 1690 1363 in
1712 1299 1870 1364 inlinitum
1891 1299 2020 1365 feratur.
2061 1301 2214 1380 Quocirca

468 1401 607 1466 laborem
626 1399 707 1464 hunc
729 1416 831 1462 meum
854 1415 873 1460 a
895 1396 1003 1460 Patria
1026 1397 1211 1472 Academia,
1241 1415 1333 1480 qnam
1358 1399 1515 1479 superiori
1545 1399 1648 1464 seculo
1670 1398 1835 1480 Marpurgi
1862 1399 2028 1464 Cattorum
2059 1402 2214 1468 maximius

466 1501 519 1566 ille
540 1499 633 1566 heros
655 1497 813 1578 Philippus
835 1495 967 1562 Hessius
987 1495 1207 1578 Landgrovins
1229 1499 1362 1578 apernit,
1382 1499 1540 1580 auspicari
1561 1498 1663 1563 lubuit
1683 1498 1775 1580 mihi,
1797 1503 1835 1563 ut
1857 1498 1915 1564 boo
1933 1498 2024 1580 quasi
2045 1501 2213 1582 specimine

468 1599 561 1666 illecti
581 1598 633 1664 alii
654 1615 702 1660 me
723 1595 879 1660 doctiores
900 1601 957 1660 ant
979 1597 1011 1660 in
1033 1596 1163 1660 eandem
1197 1583 1317 1662 mecu'ru
1343 1599 1463 1679 pariter
1491 1598 1708 1662 incumberent
1731 1617 1856 1678 curam,
1886 1605 1942 1663 aut
1962 1605 2057 1680 certe,
2080 1599 2106 1662 si
2126 1600 2214 1678 illud,

468 1698 550 1780 quod
571 1717 588 1763 e
607 1695 724 1761 laboris
739 1695 957 1776 magnitudine
974 1695 1125 1776 obrepere
1151 1715 1278 1760 necesse
1300 1703 1350 1762 est
1365 1696 1397 1760 id
1411 1696 1561 1777 molienti,
1585 1697 1736 1778 defugere
1750 1698 1879 1779 cupiant
1891 1698 2039 1779 taedium,
2061 1706 2213 1781 suggestu

468 1797 652 1876 monitisque
674 1812 723 1858 me
740 1793 948 1874 jarentonis.
992 1795 1076 1860 Nam
1097 1795 1359 1876 quemadmodum
1380 1796 1521 1878 alioquin
1542 1796 1609 1861 Rex
1629 1796 1681 1861 ille
1701 1797 1836 1878 Magnus

988 1894 1091 1950 Edicto
1110 1896 1203 1960 ceruit,
1219 1911 1253 1950 aa
1270 1897 1332 1964 greis
1352 1910 1380 1950 ac
1394 1902 1508 1965 praeter
1524 1897 1648 1966 Apellea

989 1981 1121 2048 Pingerct
1138 1987 1188 2034 aul
1205 1982 1279 2036 alius
1297 1983 1427 2052 Lysippo
1445 1982 1555 2037 duceret
1570 1999 1638 2038 aera

993 2067 1090 2120 Fortia
1107 2065 1264 2121 Alexandri
1280 2068 1386 2122 cultram
1404 2069 1566 2124 simulantia
1581 2101 1615 2108 -

466 2153 511 2214 ita
538 2157 570 2215 ot
597 2151 674 2216 illud
699 2151 871 2232 optandae
900 2157 970 2218 erat
1010 2171 1206 2234 summopere
1234 2171 1254 2217 a
1281 2156 1562 2236 praestantissimis
1599 2155 1773 2220 artificibus
1806 2154 1947 2219 homines
1977 2151 2214 2218 immortalitate

466 2249 666 2330 dignissimos
694 2269 712 2316 e
733 2251 871 2316 tenebris
898 2252 1026 2317 eductos
1055 2252 1088 2316 in
1115 2253 1269 2334 majorum
1299 2271 1430 2320 suorum
1457 2254 1554 2320 veluti
1574 2273 1673 2336 regno
1696 2255 1850 2320 coloceri.
1893 2257 1935 2318 At
1956 2273 2029 2318 cero
2051 2253 2127 2334 quia
2146 2253 2213 2318 suis

466 2349 597 2432 quisque
615 2351 730 2415 studiis
753 2349 880 2416 deditus
900 2352 999 2431 magis
1019 2351 1095 2418 haec
1116 2357 1266 2436 tanquam
1288 2355 1456 2420 minutiora
1476 2356 1631 2436 praeterit
1652 2354 1728 2437 iere,
1751 2373 1810 2436 ego
1830 2358 1936 2419 autem
1958 2353 2006 2434 iis,
2028 2353 2160 2434 quibem
2180 2351 2212 2416 in

467 2467 584 2530 genere
605 2449 760 2516 excellunt
779 2448 956 2531 plurimum,
976 2451 1099 2532 ingenio
1120 2457 1153 2516 et
1174 2471 1279 2517 rerum
1293 2471 1351 2518 usu
1366 2453 1593 2537 comparandus
1607 2473 1669 2520 non
1684 2473 1763 2536 snm,
1784 2453 1818 2518 id
1834 2454 1919 2518 omni
1932 2453 2037 2517 studio
2051 2450 2212 2532 rogandus

465 2555 515 2614 est
534 2549 609 2614 mihi
629 2550 745 2630 lector,
767 2555 884 2614 utnon
906 2551 1024 2614 tamin
1045 2550 1196 2616 orationis
1218 2571 1349 2636 genere,
1376 2573 1473 2636 qnam
1492 2554 1644 2620 historiae
1665 2541 1919 2637 ipsius'veritato
1938 2557 2073 2617 mentem
2094 2551 2212 2632 cogita·

466 2648 631 2729 tionesque
652 2647 832 2728 deligendos
854 2653 944 2731 putet
967 2649 1036 2714 sibi.

590 2747 754 2813 Caeterum
780 2755 817 2812 ut
845 2747 885 2812 ad
915 2767 981 2812 rem
1008 2749 1110 2830 ipsam
1134 2751 1319 2832 progrediar
1341 2759 1374 2817 ot
1401 2771 1452 2818 me
1472 2752 1514 2818 od
1532 2771 1633 2818 meum
1655 2769 1767 2818 munus
1794 2769 1935 2816 revocem
1956 2755 2052 2832 atque
2070 2766 2211 2830 pensum,

472 2847 553 2916 Urbs
574 2853 648 2912 autc
670 2848 773 2912 omnia
794 2848 871 2930 ipsa,
893 2853 1045 2930 tunquam
1059 2849 1243 2916 Academiae
1264 2851 1363 2932 ipsius
1386 2851 1477 2917 sedes
1497 2852 1701 2918 describenda
1724 2851 1815 2917 uobis
1828 2856 1887 2932 est,
1907 2851 1966 2914 hac
1988 2849 2114 2932 quidem
2128 2849 2212 2914 serie

466 2953 561 3030 atque
582 2947 701 3028 ordine,
722 2953 757 3012 ut
777 2949 876 3030 priori
896 2947 955 3013 loci
980 2951 1078 3014 sititor
1110 2949 1263 3032 ejusdem,
1294 2949 1409 3016 deindo
1434 2953 1596 3036 soranam,
1632 2957 1790 3034 postremo
1821 2949 1956 3032 denique
1986 2951 2211 3016 iaoronreatum

466 3065 698 3130 persequamur,
719 3065 755 3112 ac
774 3049 872 3114 sitam
889 3048 1013 3130 quidem
1034 3047 1084 3114 vel
1105 3055 1253 3130 respectu
1276 3051 1354 3116 coeli
1376 3050 1425 3115 vel
1445 3051 1507 3116 loci
1528 3057 1561 3116 ot
1582 3050 1819 3117 commoditatis.

591 3147 742 3214 Caelestis
764 3151 870 3212 autem
889 3150 973 3214 situs
988 3147 1020 3212 iu
1034 3148 1232 3230 longitudino
1246 3155 1294 3214 ost
1313 3151 1471 3231 garinum
1493 3152 1534 3215 ab
1555 3155 1589 3215 et
1609 3155 1648 3214 25
1670 3151 1870 3230 minutorum,
1890 3149 1924 3212 in
1945 3145 2114 3212 latitudine
2134 3164 2218 3219 vero,

466 3251 507 3312 50
527 3247 616 3328 grad
639 3263 675 3312 ac
699 3251 738 3310 56
759 3247 831 3310 min.
875 3247 936 3313 Sed
959 3254 1102 3330 respectu
1126 3251 1289 3314 terrestris
1311 3251 1407 3330 situs,
1427 3250 1506 3315 baec
1525 3257 1636 3314 nostra
1659 3249 1831 3331 superioris
1852 3247 1987 3313 Hassiae
2012 3246 2210 3327 Principatus

465 3345 646 3428 metropolis
669 3346 710 3410 ad
725 3347 846 3412 Lanam
868 3345 995 3412 flurium
1015 3348 1099 3413 inter
1120 3355 1244 3414 montes
1267 3354 1300 3413 et
1321 3368 1450 3415 nemora
1470 3351 1574 3432 posita
1593 3353 1680 3414 vario
1696 3349 1824 3432 quidem
1844 3350 1917 3429 situ,
1939 3352 2031 3429 parte
2046 3347 2080 3410 in
2093 3344 2211 3410 vertice

464 3447 578 3512 montis
598 3447 803 3527 prominente,
823 3452 915 3526 parto
938 3447 1037 3513 monti
1059 3448 1259 3528 adiumento,
1278 3453 1370 3532 porte
1391 3450 1424 3515 in
1446 3456 1584 3531 angusta
1606 3450 1757 3530 disposita
1777 3446 1916 3531 planitie,
1937 3445 1994 3511 sed
2014 3446 2081 3510 loco
2104 3449 2209 3509 tamen

464 3563 595 3611 amoeno
615 3549 649 3610 et
670 3543 829 3610 commodo
852 3546 946 3610 sotis:
968 3545 1023 3611 ubi
1041 3550 1089 3612 tot
1108 3551 1294 3628 prospectus
1315 3549 1457 3630 Jucundi,
1478 3553 1528 3613 tot
1548 3548 1712 3614 hortonam
1730 3548 1851 3628 decora,
1871 3547 1924 3612 ubi
1945 3551 1996 3609 tot
2009 3545 2209 3626 antiquorum

466 3643 677 3710 aedificiorum
705 3649 738 3708 ot
773 3643 993 3710 simulachrum
1023 3651 1204 3712 structurae
1231 3647 1445 3729 venerandae,
1481 3652 1532 3712 tot
1559 3647 1809 3712 doctissimorum
1834 3652 1867 3710 et
1894 3643 2209 3728 prudentissimorum

463 3745 603 3809 ‘virorum
623 3741 853 3825 Professorum,
876 3743 1131 3810 Consiliariorum
1152 3751 1185 3811 et
1206 3744 1395 3812 Senatorum
1414 3746 1596 3829 anhcomm,
1618 3765 1656 3812 ac
1677 3751 1727 3811 tot
1748 3745 1909 3810 studiosae
1929 3748 1962 3810 ct
1985 3743 2120 3827 optimae
2142 3743 2209 3824 spei

461 3843 636 3926 juventutis
656 3842 747 3909 flores
768 3843 977 3926 resplendent,
999 3845 1051 3910 ubi
1073 3845 1171 3910 Musis
1193 3847 1334 3912 omnibus
1357 3847 1557 3928 gratissimus
1578 3846 1672 3928 locus,
1695 3864 1732 3912 ac
1751 3864 1856 3910 rernm
1877 3844 2017 3909 omnium
2036 3847 2209 3924 proventus

464 3963 482 4010 e
502 3943 696 4026 msticornm,
719 3942 771 4024 qui
789 3944 822 4008 in
840 3943 953 4009 ricinia
974 3963 1100 4028 compos
1121 3946 1200 4010 satis
1220 3945 1338 4012 fertiles
1362 3945 1479 4028 colunt,
1499 3945 1734 4012 adiectionibus
1754 3945 1840 4028 (cum
1861 3944 1922 4009 loci
1943 3942 2091 4024 angustia
2107 3957 2210 4024 pauca

463 4044 603 4126 patiatur
633 4039 727 4126 arva)
750 4042 791 4108 ad
815 4043 928 4108 civium
957 4048 990 4109 et
1019 4045 1230 4110 studiosorum
1261 4051 1356 4127 atque
1385 4045 1555 4114 aulicorum
1587 4047 1705 4110 victum
1735 4063 1886 4128 perquam
1915 4047 2123 4126 opportunus:
2155 4039 2209 4105 ubi

465 4142 596 4225 denique
617 4161 731 4224 magna
755 4143 839 4208 aeris
864 4143 1032 4210 salubritas
1064 4149 1097 4210 et
1128 4163 1202 4209 rora
1223 4147 1322 4226 pestis
1353 4150 1409 4210 aut
1430 4151 1540 4210 acutus
1563 4145 1643 4210 alius
1663 4146 1802 4210 morbus.
1854 4144 1951 4226 Girjus
1979 4159 2075 4207 eausa
2093 4139 2209 4222 poterit

464 4243 589 4308 euidens
610 4261 681 4308 osse
702 4241 823 4324 placida
844 4243 920 4308 coeli
942 4245 1123 4326 temperies,
1152 4251 1185 4310 ot
1209 4245 1311 4310 sereni
1331 4244 1430 4310 totius
1451 4245 1613 4310 machinae
1633 4245 1778 4310 coelestis
1799 4249 1962 4326 aspectus,
1990 4241 2101 4324 quibus
2122 4238 2208 4304 Mar-

465 4359 648 4422 purgensom
670 4349 816 4408 aeternus
846 4341 898 4406 ille
927 4347 1019 4424 pater
1046 4344 1195 4425 singulari
1225 4343 1359 4426 quadam
1388 4343 1551 4408 elementia
1580 4344 1729 4424 dignatus
1756 4350 1805 4408 est
1826 4343 1994 4408 civitatem.
2038 4339 2124 4418 Quae
2144 4356 2207 4403 non

465 4437 616 4506 solaribus
645 4442 771 4507 nimium
797 4442 936 4508 aestibus
963 4443 1102 4525 subJecta
1126 4443 1227 4526 J'acet,
1261 4463 1323 4508 non
1356 4443 1526 4524 frigoribus
1554 4443 1740 4508 Borealibus
1770 4443 1901 4506 nimium
1928 4441 2117 4524 propinqua,
2151 4437 2208 4503 sed

467 4543 684 4620 temperatiore
707 4541 765 4607 sub
788 4541 912 4607 climate
935 4544 1110 4608 constituta
1128 4547 1186 4608 est.
1230 4543 1447 4608 Veruntamen
1468 4543 1496 4606 si
1516 4542 1731 4608 inclementior
1750 4541 1919 4624 aliquando
1938 4559 1974 4605 ao
1992 4539 2138 4603 inmritior
2151 4555 2209 4602 aer

464 4639 516 4720 (ut
537 4641 672 4706 omnium
693 4660 796 4708 rernm
819 4647 868 4706 cst
889 4641 1085 4724 uicissitndo)
1108 4643 1241 4724 exurgit,
1261 4644 1354 4724 longo
1373 4642 1444 4724 plus
1465 4641 1619 4722 utilitatis,
1640 4660 1736 4724 quam
1749 4641 1933 4706 incommodi
1952 4640 1979 4704 is
1998 4639 2077 4704 solet
2093 4637 2206 4702 afferro

464 4755 576 4804 secum.
618 4739 669 4804 Sio
696 4741 777 4806 enim
798 4741 842 4806 ad
865 4759 971 4806 omnes
1000 4742 1150 4806 saevioris
1172 4741 1315 4808 fortunae
1345 4744 1482 4824 impetus
1510 4739 1700 4822 assuefiunt,
1726 4742 1770 4808 sic
1796 4741 1837 4806 ad
1855 4739 1982 4806 morbos
2003 4736 2206 4820 superandos.

463 4839 507 4902 sic
526 4837 568 4902 ad
589 4837 771 4906 durissimos
793 4841 915 4906 labores
934 4841 1133 4933 perferendos
1153 4848 1336 4908 cscrcentnr
1357 4850 1390 4906 et
1410 4840 1600 4906 indurantur
1619 4859 1759 4922 corpora.

587 4954 755 5022 Praeterea
783 4975 905 5040 quoque
933 4958 1064 5023 celebris
1085 4957 1138 5023 iile
1161 4959 1331 5040 superioris
1352 4958 1486 5024 Hassiae
1511 4957 1622 5024 fluuius
1644 4959 1752 5024 Lanos
1779 4956 1897 5021 transit
1915 4955 2041 5036 urbem,
2068 4952 2122 5035 qui
2143 4969 2205 5018 non

463 5055 556 5120 modo
583 5053 718 5136 plurima
743 5058 871 5138 piscium
902 5058 1017 5124 educat
1045 5063 1078 5122 et
1097 5057 1240 5140 producit
1266 5077 1400 5138 genera,
1430 5058 1486 5122 sed
1514 5059 1610 5124 etiam
1635 5075 1762 5140 psoram
1789 5063 1822 5121 et
1848 5055 2062 5136 impetiginem
2092 5069 2206 5117 sanare

463 5153 585 5220 dicitur,
628 5153 712 5220 Isin
734 5155 890 5223 Comitatu
913 5157 1191 5240 Witgonsteincnsi
1214 5175 1250 5222 ex
1272 5161 1387 5239 monto,
1411 5159 1460 5223 cni
1480 5156 1613 5242 barbota
1637 5177 1759 5240 nomen,
1778 5162 1866 5221 ortus
1888 5155 2014 5235 Lasphe
2037 5154 2204 5218 comitatus

463 5253 602 5334 ejusdem
622 5253 713 5318 alluit
732 5255 893 5337 oppidum,
921 5257 1052 5340 indeque
1080 5257 1341 5340 Bidencappium,
1368 5257 1625 5339 Marpnrgensem
1650 5256 1731 5324 hanc
1760 5256 1886 5335 urbem,
1917 5253 2205 5334 Stanffenburgnm,

465 5351 663 5436 Giessenam,
691 5353 900 5422 Wetzflariam
930 5357 1058 5439 Imperii
1082 5356 1208 5438 urbem,
1245 5354 2205 5439 WeilburgumNassoviomm,Limburgum,1)ieciumao

465 5451 652 5520 Embsenses
674 5453 814 5520 thermas
835 5455 974 5522 allabens
1002 5456 1108 5522 mrdtis
1134 5457 1268 5538 receptis
1299 5459 1445 5525 amnibus
1463 5473 1562 5538 prope
1582 5455 1816 5525 Lohnsteinium
1837 5455 1998 5522 antistitis
2028 5450 2204 5532 Moguntini

462 5551 608 5633 oppidum
627 5553 660 5618 in
678 5553 822 5622 Rhenum
843 5573 911 5622 sese
933 5563 1089 5623 exonerat.
