5534 6984
902 1075 1110 1145 Elleaberperua
1128 1073 1293 1129 mamm
1307 1072 1400 1143 gloria
1415 1076 1552 1145 praeceps,

935 1161 1079 1215 Promisso
1095 1160 1181 1215 barba
1196 1164 1278 1215 noma
1294 1162 1322 1213 et
1337 1159 1436 1229 effigie,

901 1244 1068 1300 Hecataeum
1085 1242 1180 1300 docuit
1198 1262 1298 1316 mapsa
1316 1261 1376 1298 οιιιιι
1394 1244 1475 1299 laude
1494 1245 1613 1311 Liscum,

935 1328 1017 1386 Nunc
1033 1332 1061 1383 ia
1082 1332 1228 1387 &conicio
1246 1333 1342 1386 eminet
1359 1332 1406 1383 illc
1427 1330 1500 1385 locis.

1078 1563 1241 1631 loannes
1265 1564 1486 1631 Hartmanni

516 1714 618 1792 Quum
647 1713 753 1778 literas
779 1712 911 1794 primum
936 1712 1111 1794 ambergae
1143 1712 1177 1779 in
1208 1716 1313 1797 patria
1340 1714 1504 1782 Michaelis
1536 1714 1736 1783 Sonlentneri
1768 1712 1910 1795 inprimis
1938 1714 2147 1781 instituendae

414 1814 589 1895 iuuentutis
617 1812 758 1894 apprime
781 1812 889 1893 gnari,
920 1830 1020 1895 eaque
1047 1814 1215 1895 praecipue
1241 1833 1338 1897 opera
1364 1834 1428 1881 non
1460 1831 1684 1897 usquequaque
1711 1813 1833 1895 inglorii
1862 1818 1895 1879 et
1917 1814 2062 1895 ignobilis
2086 1814 2146 1881 viri

418 1911 514 1978 ductu
536 1911 708 1993 attigisset,
734 1930 774 1977 ea
793 1929 874 1993 quac
901 1912 934 1977 in
959 1912 1062 1979 media
1085 1913 1281 1995 philosophia
1299 1923 1425 1981 retrusa
1446 1921 1480 1981 et
1500 1914 1611 1979 abdita
1630 1914 1728 1995 magis
1749 1916 1824 1979 sunt
1842 1913 1940 1979 lenae
1960 1914 2093 1996 primum
2114 1920 2147 1980 et

417 2012 557 2093 Lipsiae,
584 2016 657 2093 post
683 2011 898 2092 wittehergae
925 2022 960 2077 et
987 2011 1166 2094 Marpnrgi,
1202 2030 1266 2095 quo
1294 2015 1396 2095 ipsum
1420 2014 1616 2095 witteherga
1647 2012 1826 2079 wilhelmus
1854 2012 2021 2095 Dilichius‚
2053 2030 2146 2095 quem

417 2109 648 2177 humanioribus
673 2110 831 2177 bienmnm
858 2109 1014 2178 imbuerat
1039 2112 1226 2195 disciplinis,
1262 2113 1506 2197 perduxeret1),
1548 2111 1702 2179 indelesso
1725 2112 1821 2195 plane
1849 2111 1955 2179 studio
1982 2122 2016 2179 et
2041 2112 2146 2178 labore

416 2215 627 2291 prosequutus
646 2216 698 2277 est
718 2217 752 2275 et
771 2210 889 2277 didicit.
929 2210 1067 2292 Ideoque
1088 2230 1157 2277 cum
1173 2228 1252 2295 eam,
1275 2230 1369 2294 quam
1381 2212 1535 2279 exdtarat
1547 2211 1629 2295 apud
1650 2228 1755 2277 omnes
1769 2212 1885 2293 ingenii
1900 2214 2146 2295 expectationem

417 2310 618 2375 sustinuisset
635 2309 769 2393 egregie,
792 2309 940 2391 lauream,
964 2328 1025 2394 qua
1040 2312 1255 2394 Philosophiea
1268 2312 1348 2379 haec
1368 2312 1473 2377 studia
1493 2312 1634 2377 decorari
1655 2318 1896 2394 consueverunt,
1915 2329 1998 2378 anno
2012 2311 2146 2379 becl

417 2413 624 2491 consequutus
651 2427 714 2475 non
745 2412 870 2475 tantum
897 2411 1011 2477 meruit
1039 2411 1190 2493 Principis
1217 2410 1360 2477 Mauritii
1388 2410 1500 2477 studiis
1527 2411 1731 2493 astrologicis
1759 2410 1900 2495 praefici,
1932 2412 1987 2479 sed
2017 2412 2145 2495 insuper

414 2508 566 2573 acerrimo
595 2508 818 2591 sapientissimi
845 2509 998 2593 Principis
1024 2510 1179 2576 Wilhelmi
1205 2510 1323 2592 judicio
1359 2510 1471 2592 dignm
1504 2512 1629 2577 habitus
1657 2510 1718 2577 luit
1749 2530 1826 2593 prae
1861 2512 1989 2593 ceteris,
2028 2512 2143 2594 quiin

415 2607 566 2673 Victorini
586 2606 775 2674 Schonleldii
794 2608 896 2674 locum
918 2608 1066 2676 suffectus
1087 2610 1264 2677 reconditas
1285 2617 1415 2677 sancet
1442 2609 1482 2675 ab
1510 2611 1726 2692 imperitorum
1753 2610 1960 2692 intelligentia
1986 2628 2142 2693 semuque

414 2706 595 2789 longissime
617 2707 806 2789 disiunctas,
827 2706 1068 2775 Mathematicus
1086 2709 1264 2792 disciplinas
1283 2709 1423 2777 traderet
1443 2710 1579 2791 publice,
1601 2710 1634 2775 id
1654 2709 1848 2791 quodetiam
1869 2708 1971 2775 studio
1991 2712 2143 2777 acerrimo

415 2812 449 2872 et
479 2806 588 2872 labore
613 2812 709 2889 atquc
735 2806 891 2873 industria
918 2825 1040 2873 summa
1068 2808 1227 2892 praestitit
1246 2808 1472 2889 fidelissime2).
1523 2808 1604 2874 Nam
1632 2808 1674 2874 et‘
1693 2807 1855 2891 Mmpurgi
1882 2815 1914 2873 et
1937 2807 2083 2876 cassellis
2111 2811 2143 2877 in

415 2905 604 2973 Mauritiano
631 2906 771 2989 collegio,
805 2905 908 2973 isthuc
934 2906 1114 2991 aliquandiu
1141 2925 1161 2974 a
1188 2908 1327 2992 prindpe
1357 2909 1439 2974 circa
1467 2924 1581 2973 annum
1602 2906 1783 2975 MDXGIIX
1802 2914 1948 2975 euocatus
1969 2908 2142 2976 istiusmodi

414 3012 501 3071 artes
522 3022 586 3071 nou
605 3007 777 3073 coaretavit
796 3006 888 3073 modo
910 3011 944 3075 et
964 3008 1088 3074 refersit
1107 3009 1300 3091 praeceptis,
1320 3008 1404 3091 quod
1420 3026 1489 3075 enm
1504 3006 1606 3075 iacere
1617 3025 1744 3075 nemeae
1759 3012 1824 3091 est,
1847 3006 1900 3089 qui
1914 3008 2143 3091 περισσολογία

414 3106 638 3172 suumomni
665 3107 814 3191 quujusque
841 3106 1020 3190 disciplinae
1043 3113 1163 3190 partes
1178 3108 1225 3174 ita
1253 3106 1419 3191 disponere
1447 3106 1553 3190 cupiat
1579 3114 1612 3173 et
1640 3112 1874 3191 coagmentare,
1904 3110 1940 3173 ut
1967 3109 2083 3191 optima
2109 3114 2143 3175 et

413 3205 560 3273 facillima
581 3207 706 3272 ratione
726 3204 945 3289 comprehendi
964 3209 1103 3290 possint,
1132 3206 1190 3275 sed
1211 3208 1306 3275 etiam
1333 3208 1379 3273 ita
1407 3204 1551 3273 dilatavit
1581 3212 1615 3273 ct
1635 3206 1801 3290 explicavit
1823 3204 1948 3273 easdem
1967 3218 2078 3291 porro,
2106 3214 2142 3275 ut

415 3307 636 3373 obscuritatem
658 3306 838 3389 detergeret
866 3324 1002 3387 ornnem,
1028 3306 1182 3390 simulque
1212 3312 1245 3373 et
1266 3308 1421 3374 breuitate
1448 3312 1480 3373 et
1509 3308 1730 3391 perspicuitate
1758 3306 1942 3373 ducentium
1968 3306 2142 3373 consuleret

414 3405 536 3473 studiis.
580 3404 787 3489 caeteroquin
808 3422 902 3487 quum
919 3406 1058 3471 uilitate
1084 3406 1210 3488 publica
1237 3406 1403 3472 metiretur
1430 3406 1547 3489 omnia,
1584 3406 1625 3471 ad
1654 3404 1838 3471 Medicinam
1865 3422 1992 3489 quoque
2020 3406 2142 3489 appulit

413 3505 567 3588 animum,
597 3510 630 3571 et
652 3504 812 3588 Ghymiam
831 3510 970 3587 mature,
996 3510 1034 3572 nt
1054 3524 1093 3571 eo
1113 3504 1266 3571 intersim
1285 3510 1396 3586 posset
1419 3504 1579 3588 pluribus,
1609 3504 1854 3588 curriculumque
1881 3504 1941 3571 hoc
1966 3504 2141 3573 istiusmodi

413 3605 589 3673 transmisit
599 3610 631 3681 ⁸)
651 3623 762 3686 cursu,
784 3609 822 3669 ut
839 3604 994 3687 superatis
1014 3603 1175 3671 laboribus
1189 3604 1334 3669 omnibus
1348 3609 1381 3669 et
1394 3602 1627 3674 difficultatibus
1647 3603 1759 3670 uberes
1780 3621 1902 3686 quoqne
1923 3608 1956 3669 et
1976 3602 2140 3671 diuturnos

412 3706 589 3789 vigiliarum
605 3703 726 3772 tructus
744 3703 915 3772 demeteret
932 3702 1069 3769 tandem.
1110 3702 1191 3769 Nam
1211 3721 1294 3771 anno
1313 3702 1447 3770 lanuvi
1467 3703 1666 3787 amplissimis
1682 3704 1824 3770 Doctoris
1839 3702 1951 3769 Medici
1970 3702 2139 3771 honoribus

413 3805 577 3873 decoratus
606 3810 640 3871 ct
665 3804 762 3871 tertio
788 3809 863 3887 post
890 3820 973 3870 anno
1000 3803 1034 3869 in
1059 3802 1249 3870 Medicorum
1278 3804 1421 3871 ordinem
1454 3806 1662 3887 transcriptus
1689 3802 1901 3887 thmiatrian
1931 3802 1982 3870 six
2014 3802 2139 3871 nomine

412 3914 503 3973 tenus
524 3910 600 3971 ante
617 3904 677 3971 bac
695 3909 802 3970 notam
820 3902 914 3970 isthic
935 3902 1072 3970 locorum
1091 3920 1206 3986 magno
1225 3922 1265 3971 ea
1290 3904 1431 3971 omnibns
1454 3904 1632 3971 nationibus
1652 3904 1735 3971 iacto
1762 3902 1973 3971 studiosorum
1999 3920 2139 3984 accursu,

412 4024 494 4073 noro
512 4004 652 4089 exemplo
673 4003 783 4071 docere
803 4003 904 4086 coepit
924 4002 1060 4087 primus,
1079 4009 1116 4070 nt
1138 4008 1229 4069 tanto
1248 4004 1349 4087 maior
1371 4004 1466 4069 etiam
1488 4004 1573 4087 apud
1593 4008 1737 4087 posteros
1757 4002 1816 4079 viri
1836 4002 1946 4069 iutura
1966 4002 2009 4069 sit
2028 4002 2137 4085 gloria,

412 4111 528 4189 quanto
548 4104 735 4172 oeconomia
755 4100 880 4169 Medica
899 4100 1052 4169 festiviori
1073 4107 1107 4169 et
1127 4102 1311 4187 elegantiori
1328 4104 1623 4169 medicamentorum
1648 4102 1734 4171 cultu
1761 4102 1802 4167 ab
1823 4102 1891 4184 ipso
1917 4106 1951 4169 et
1979 4100 2137 4185 discipulis

413 4205 479 4289 ejus
499 4206 655 4271 metruota
672 4209 737 4285 eat,
758 4208 911 4285 apparata
930 4207 963 4268 ct
980 4201 1172 4285 locupletata
1187 4203 1297 4284 magia.
1339 4200 1503 4269 Caeterum
1520 4220 1613 4285 quum
1626 4220 1688 4267 non
1702 4200 1806 4267 minna
1824 4206 1951 4285 propter
1970 4203 2136 4285 egregiam,

412 4324 476 4391 qua
494 4324 558 4371 non
578 4303 678 4371 solum
699 4303 732 4368 in
752 4301 951 4386 gravioribus
968 4300 1030 4368 illis
1056 4300 1224 4383 disciplinis
1252 4300 1490 4386 Mathematica‚
1520 4302 1639 4369 hledica
1664 4306 1697 4367 ct
1718 4300 1880 4384 caphira,
1912 4300 1966 4365 sed
1989 4302 2084 4367 etiarn
2105 4302 2138 4367 in

411 4401 646 4473 humanioribus
666 4402 784 4485 literis,
803 4402 945 4485 inprimis
960 4418 1034 4467 sero
1052 4404 1195 4469 oratione
1214 4401 1317 4469 soluta
1337 4408 1370 4468 et
1391 4402 1489 4485 ligata
1510 4402 1653 4469 excelluit
1673 4402 1816 4485 maxime,
1837 4398 2020 4484 doctrinam,
2043 4416 2136 4482 quam

412 4504 585 4574 commodos
613 4520 716 4570 mores
750 4506 784 4569 et
819 4500 1003 4569 meffitatem
1030 4507 1126 4584 atque
1152 4502 1344 4583 comitatem,
1381 4508 1450 4570 tum
1472 4502 1561 4570 bonis
1588 4502 1746 4584 omnibns,
1775 4506 1844 4567 tum
1869 4516 1943 4567 vero
1968 4500 2137 4585 praecipue

411 4605 547 4689 Principi
572 4602 633 4687 ipsl
660 4607 745 4669 esset
772 4600 1108 4685 commendatissimas,
1138 4598 1181 4667 ab
1211 4602 1321 4668 eodem
1351 4604 1384 4668 in
1411 4602 1582 4669 Hermanni
1609 4598 1725 4667 Wolffii
1755 4616 1819 4666 non
1847 4598 1895 4665 ita
1922 4598 2042 4682 pridem
2069 4600 2136 4667 rita

411 4702 547 4773 defuncti
567 4702 669 4770 locum
687 4702 805 4767 ascitus
825 4706 859 4767 et
878 4700 1028 4768 archiatri
1047 4700 1081 4767 in
1102 4700 1176 4768 aula
1198 4700 1381 4768 cassellana
1406 4706 1513 4786 partes
1534 4702 1692 4785 suscipere
1718 4704 1752 4767 et
1773 4700 1928 4767 sustinere
1946 4698 2053 4781 jnssus
2076 4706 2134 4767 cst.

411 4808 449 4874 In
469 4803 637 4873 Academia
657 4820 732 4867 vero
753 4800 874 4884 publica
893 4806 928 4867 et
946 4802 1095 4883 privatim
1113 4798 1235 4867 xxmx
1255 4820 1356 4869 annos
1385 4804 1492 4871 docuit
1520 4802 1649 4869 tertium
1669 4802 1812 4869 Reotoris
1838 4798 1937 4867 officio
1960 4798 2133 4865 defunctus.

411 4884 542 4975 Praeter
561 4902 788 4985 Philosophum
814 4918 873 4967 seu
898 4908 1036 4967 ammae
1063 4903 1239 4970 ωιιιιιῑιιιιιι
1264 4902 1441 4984 Medicam,
1475 4902 1652 4984 inaugumli
1680 4900 1821 4967 oratione
1848 4897 1936 4965 initio
1962 4916 2037 4965 suae
2064 4916 2135 4981 pro·

411 5004 552 5073 fessionis
580 5001 808 5085 Chymiatricae
834 4999 957 5085 publice
980 5000 1191 5085 propositum,
1219 5008 1254 5068 et
1272 5002 1520 5085 Disputationes
1542 5000 1829 5085 Medicoclrpms'cas
1855 4998 1976 5081 publice
2002 4996 2134 5079 habites,

510 5247 540 5309 1)
554 5238 649 5297 Verba
666 5254 722 5309 qao
736 5240 830 5308 epm
845 5266 881 5279 —
894 5238 1066 5309 perdisceret
1083 5239 1112 5295 in
1128 5239 1248 5309 marmus
1264 5236 1359 5293 addita
1375 5248 1444 5295 sunt.

508 5324 893 5395 aspernamentum
910 5340 1007 5415 munus
1021 5324 1089 5381 adlit
1105 5325 1130 5381 d.
1149 5324 1186 5379 Xl
1206 5324 1293 5395 April,
1310 5340 1335 5380 a
1354 5328 1427 5381 lbet.

509 5418 539 5483 s)
557 5416 649 5483 lunago
666 5410 831 5467 Hartmanm.
