5534 6984
2073 844 2141 914 117

413 1029 624 1109 consequutus
651 1025 694 1091 sit
719 1024 915 1092 ubemimm.
963 1022 1045 1091 Nam
1072 1025 1261 1107 soquianno
1280 1022 1408 1091 uixdum
1435 1024 1541 1107 elapso
1569 1024 1663 1093 ducta
1683 1026 1852 1095 ChristIaui
1872 1028 2060 1115 Egenolphi‚
2088 1034 2142 1117 qui

414 1122 654 1207 typographiam
665 1124 903 1191 Francoiurtum
918 1123 1079 1189 invexerat
1097 1124 1226 1205 primus,
1246 1122 1312 1188 filia
1326 1122 1514 1205 hlsgdaleua
1534 1142 1595 1191 aruo
1616 1125 1784 1209 codemque
1805 1133 1944 1211 tempore
1963 1134 1996 1197 et
2016 1132 2141 1215 nuptias

414 1223 553 1290 celebrat
573 1228 606 1289 et
619 1223 765 1289 Doctoris
779 1222 877 1289 lestos
897 1223 1022 1306 peragit
1042 1222 1118 1303 dies,
1137 1220 1308 1307 cujusmodi
1328 1222 1361 1288 in
1378 1220 1511 1305 publicis
1531 1224 1706 1293 istiusmodi
1726 1228 2008 1297 renunciatiouibus
2027 1233 2142 1313 agltari

412 1322 451 1389 de
472 1340 560 1387 more
580 1328 813 1389 consueverunt.
855 1323 919 1389 Nec
935 1321 1037 1387 multo
1055 1326 1130 1405 post
1153 1340 1211 1405 per
1231 1322 1339 1389 literas
1359 1320 1553 1405 ldogrmtinm
1575 1330 1737 1409 evocatus,
1769 1332 1805 1393 ut
1831 1326 1894 1393 illic
1920 1346 1992 1395 sere
2018 1330 2141 1413 publico

413 1422 541 1488 doceret
568 1426 670 1487 artem
694 1421 862 1502 Medicam,
889 1438 927 1486 eo
952 1430 1152 1503 perrecturus
1174 1420 1217 1487 ad
1238 1438 1379 1487 secenum
1402 1422 1532 1489 divertit
1552 1422 1759 1491 Francolurti.
1803 1424 1864 1492 Sed
1883 1428 1964 1493 euim
1980 1446 2076 1511 quum
2102 1448 2141 1499 ea

412 1519 494 1588 torte
522 1526 615 1587 nocte
647 1522 740 1587 istius
770 1521 831 1585 loci
858 1518 999 1586 Medicus
1026 1520 1203 1587 Ludomcus
1228 1520 1385 1603 Graphius
1420 1520 1562 1605 obiisset,
1599 1522 1666 1605 ejus
1692 1541 1819 1606 operam
1850 1524 1982 1594 Senatus
2012 1528 2141 1597 honesto

413 1620 567 1704 stipendio
587 1620 633 1687 IV
647 1619 791 1687 Octobris
812 1636 895 1685 auno
915 1618 1051 1685 MDLIV
1070 1618 1224 1686 conducit
1265 1621 1303 1685 In
1321 1617 1380 1685 boc
1394 1620 1491 1701 igitur
1509 1622 1592 1688 ritae
1605 1623 1765 1705 cormesio,
1786 1642 1882 1707 quum
1901 1626 2022 1694 XXXII
2042 1648 2140 1697 anuos

412 1721 459 1785 ita
478 1721 648 1802 exegisset,
672 1723 708 1785 ut
733 1720 837 1785 omnia
863 1736 923 1785 sua
950 1718 1073 1801 studia,
1101 1736 1226 1801 operam
1254 1724 1288 1784 et
1312 1720 1499 1786 iudustriam
1521 1738 1582 1787 non
1602 1722 1702 1787 solum
1722 1723 1838 1789 civibus
1860 1725 1939 1809 suis,
1971 1727 2026 1793 sed
2048 1731 2140 1795 etiam

413 1819 643 1901 quibuscunque
671 1818 787 1885 esteris
814 1835 937 1883 summa
963 1819 1149 1883 emetiretur
1175 1818 1237 1884 fide
1272 1823 1307 1884 et
1338 1824 1505 1900 propterea
1536 1822 1568 1885 in
1605 1839 1712 1887 amore
1745 1828 1828 1888 esset
1863 1823 2022 1909 omnibus,
2061 1846 2141 1895 anno

413 1918 636 1985 MDLXXXVI
663 1916 713 1982 die
732 1917 808 2001 Maji
830 1917 947 2000 x1x1)
973 1916 1065 1983 finem
1090 1917 1175 1983 vitae
1202 1920 1297 2000 atque
1322 1916 1440 1985 laboris
1465 1918 1540 1985 lecit
1566 1920 1615 1985 vir
1641 1924 1815 2002 praestcnh'
1842 1924 2018 1992 eruditione
2045 1932 2142 2011 atque

413 2018 554 2085 docmina
571 2022 604 2082 et
623 2016 670 2082 rei
690 2017 832 2099 inprimis
851 2017 991 2083 Medicas
1010 2018 1228 2100 peritissimus.
1268 2016 1514 2085 Lucubrationes
1540 2018 1673 2087 hominis
1694 2039 1789 2103 opera
1809 2026 1843 2088 et
1863 2024 2020 2092 iudustrIa
2040 2027 2142 2095 editae

413 2122 490 2185 suut
507 2116 674 2200 ejtrsmodi:
695 2116 895 2183 Introductis
908 2116 1133 2187 Aritlmets'ces
1146 2118 1284 2185 letiac:
1302 2118 1493 2201 apionem
1511 2120 1723 2203 Hippocratis
1741 2144 1763 2187 a
1778 2122 1953 2209 Foreas'o’)
1974 2126 2140 2209 explicati:

413 2217 594 2284 Boteaicoa
620 2222 651 2285 et
676 2217 815 2283 historio
834 2217 1042 2301 plocimon,
1069 2219 1294 2300 animantiam,
1320 2239 1531 2303 peramarum,
1566 2220 1782 2302 cremitarum,
1818 2242 2042 2307 ssscccmasqae
2070 2246 2141 2295 cao-

277 2369 286 2390 „
413 2322 583 2399 aetenam,
615 2320 649 2381 et
674 2316 859 2383 Herdonius
886 2316 1055 2385 vernacula
1080 2318 1197 2399 lingua.
1248 2317 1325 2384 Post
1359 2319 1478 2385 obitum
1509 2325 1615 2387 autem
1638 2320 1695 2387 lilii
1723 2338 1820 2403 opers
1845 2322 2005 2391 Teucridls
2032 2325 2142 2395 lunae

412 2416 532 2499 Priv.⁸)
551 2416 585 2481 in
605 2414 706 2483 lucem
721 2414 839 2498 prodiit
851 2416 1037 2485 Meaocee
1052 2419 1223 2501 explicatio
1243 2418 1383 2485 omnium
1401 2422 1545 2501 corporee
1565 2420 1699 2489 basoni
1719 2421 1905 2506 effectorem,
1926 2422 1959 2489 in
1980 2441 2042 2505 qua
2061 2426 2143 2493 mira

413 2516 569 2590 brevitate
591 2514 787 2601 singulorum
804 2516 986 2585 morborum
1007 2536 1137 2585 mussas
1155 2523 1189 2585 et
1208 2517 1272 2584 aliu
1291 2517 1518 2601 caesurus.

922 2890 1146 2975 Henricus⁸l
1174 2890 1401 2975 Theophilus
1425 2892 1629 2959 Lonicerus

509 3046 567 3115 Vir
590 3045 716 3117 minime
741 3048 886 3115 indoctus
910 3047 1092 3131 Physieum‚
1128 3049 1148 3115 i.
1175 3066 1202 3113 e.
1230 3051 1267 3114 ut
1294 3048 1451 3115 Ciceronis
1479 3054 1554 3115 utar
1580 3046 1684 3115 uerbis
1713 3047 1809 3115 libL
1838 3048 1878 3115 dc
1904 3054 1970 3117 nat.
1995 3050 2142 3137 beor.·),

413 3146 639 3231 speculatorem
675 3153 915 3231 venatoremque
951 3152 1083 3215 naturae
1120 3166 1218 3231 agere
1256 3148 1359 3231 coepit
1394 3166 1502 3215 mense
1530 3146 1705 3231 Septembri
1740 3166 1823 3215 auno
1851 3148 2002 3233 MDLIV,
2048 3168 2142 3235 quum

413 3246 670 3315 Bartholomaeus
691 3247 825 3329 Mejerus
846 3248 888 3313 ad
908 3246 1135 3329 Theologorum
1160 3248 1326 3313 traductus
1356 3248 1505 3315 subsellia
1527 3248 1627 3314 isthoc
1648 3265 1775 3313 munere
1796 3247 1934 3315 abiisset.
1977 3248 2038 3315 Sed
2059 3268 2142 3317 anno

413 3346 608 3429 postmodum
628 3346 793 3413 MDLXIV
813 3347 847 3411 in
869 3346 1041 3413 disserendi
1067 3346 1241 3429 praeceptis
1269 3346 1459 3429 explicandis
1486 3346 1604 3411 versari
1632 3351 1665 3411 et
1686 3346 1898 3413 Bibliothecae
1919 3346 2011 3413 simul
2034 3366 2141 3417 curam

413 3447 528 3513 habere
554 3447 660 3528 jussus
687 3451 736 3511 est
763 3446 890 3512 Victore
913 3446 954 3512 ad
980 3445 1202 3529 Theologicum
1235 3446 1364 3513 docendi
1398 3463 1508 3511 munius
1544 3450 1735 3511 transeunte.
1786 3446 1890 3528 Atque
1917 3443 1989 3512 huic
2015 3448 2141 3530 quidem

413 3549 533 3615 muneri
554 3547 630 3613 dum
649 3564 704 3629 ec,
725 3564 789 3629 qua
806 3565 866 3629 par
887 3552 938 3613 est
956 3546 1019 3613 fide
1039 3551 1074 3614 et
1094 3546 1282 3613 dertedtate
1301 3550 1405 3628 secut,
1427 3544 1544 3611 Decaui
1565 3560 1689 3627 quoque
1703 3544 1812 3627 sexies,
1831 3544 2010 3611 Brsbeutee
2028 3552 2142 3627 autem,

414 3647 468 3731 qui
481 3648 620 3715 laureum
631 3664 809 3729 supremam
822 3645 1042 3729 Philosophiae
1061 3646 1209 3713 studiosis
1227 3644 1374 3727 deceruit,
1394 3644 1510 3727 septies
1523 3644 1673 3711 sustinuit
1685 3642 1776 3714 sices.
1798 3644 1926 3729 Reipub.
1939 3645 2142 3715 Academicus

413 3747 536 3815 clavum
556 3764 641 3812 anuo
660 3744 860 3828 MDXXCII,
885 3750 1000 3813 aetsds
1020 3746 1164 3827 xhvts)
1185 3746 1295 3813 tenuit.
1345 3744 1484 3811 Tandem
1505 3744 1599 3809 etiam
1619 3762 1640 3809 a
1660 3743 1820 3811 LudovIco
1842 3744 2038 3829 Landgravio
2057 3747 2142 3815 inter

414 3846 607 3915 consiliarios
626 3845 743 3912 ascitus
762 3846 796 3911 in
812 3846 905 3913 rebus
925 3845 1100 3913 forensibus
1120 3844 1343 3928 cognoscendis
1361 3849 1395 3911 ct
1409 3843 1535 3928 juditha
1556 3842 1781 3909 constituendis
1800 3849 1945 3911 samatus
1963 3848 2021 3913 cst
2052 3844 2142 3927 Quod

413 3947 556 4032 equidem
581 3964 697 4013 munus
723 3964 794 4013 cum
813 3946 907 4029 XIII,
941 3946 1044 4029 operis
1070 3950 1177 4012 autem
1198 3944 1374 4011 llcsdermd
1398 3944 1431 4009 tn
1457 3942 1596 4009 docenda
1612 3942 1730 4025 Logica
1749 3948 1784 4010 ct
1802 3942 1934 4027 Physica
1955 3943 2142 4013 macconem

413 4048 498 4113 ultra
511 4047 567 4115 XL
581 4064 681 4112 anuos
695 4050 875 4127 tractasset
893 4051 1082 4129 postremum
1094 4044 1173 4113 rude
1185 4042 1322 4111 donatus
1331 4048 1360 4127 ⁸)
1379 4043 1414 4109 in
1426 4042 1505 4109 rivis
1519 4059 1588 4109 esse
1602 4041 1696 4109 desiit
1715 4042 1777 4109 IIX
1792 4042 1901 4109 hlsrtii
1915 4060 1998 4111 suno
2012 4044 2140 4113 MDCV.

414 4146 478 4213 Sub
502 4146 569 4228 ejus
586 4145 689 4229 ethgie
709 4145 743 4213 hi
762 4146 797 4211 P.
819 4146 940 4229 Pegasi
951 4143 1069 4213 ‘uersus
1089 4146 1251 4229 leguntur:

512 4394 542 4460 1)
558 4390 681 4449 Eundem
703 4392 794 4448 obitus
817 4390 889 4447 diern
910 4390 1044 4447 Pistorlus
1066 4389 1190 4457 exhibea
1218 4390 1249 4445 in
1275 4388 1444 4459 praeistious
1470 4388 1533 4445 libri
1563 4384 1599 4443 ds
1623 4386 1827 4457 purgationibus
1857 4402 1875 4443 a
1898 4386 1957 4445 filio
1980 4388 2047 4445 editt
2071 4390 2140 4447 bsec

414 4481 551 4550 leguntur:
578 4476 645 4534 Dat
667 4476 732 4547 ms.
754 4480 836 4533 Assae
859 4476 981 4535 159th
1005 4476 1269 4545 semestrua,
1292 4476 1366 4547 style
1391 4474 1503 4544 Grecos.
1527 4488 1581 4543 qao
1608 4473 1653 4531 dic
1676 4473 1863 4531 maiam
1887 4478 2141 4533 saumariis:

415 4566 584 4621 Μιαίοιω-
595 4566 667 4620 tates
683 4569 810 4635 aegrota
826 4578 883 4619 esse
902 4562 995 4630 desiit,
1012 4578 1085 4619 enac
1102 4563 1203 4619 uuae
1218 4578 1286 4619 asae
1300 4561 1523 4633 quenqucqcsimo
1536 4560 1625 4629 seme
1642 4566 1746 4617 octaao.
1782 4558 1859 4627 Quae
1873 4562 1957 4617 verbs
1973 4560 2140 4621 Stricdarum

414 4668 469 4708 nou
491 4650 625 4707 debebant
646 4648 682 4706 ad
704 4650 860 4705 mumdum
884 4649 956 4705 dam
976 4647 1125 4721 adducere,
1149 4665 1232 4719 quuru
1255 4663 1339 4705 csuss
1360 4646 1558 4717 discrepantiae
1584 4660 1600 4703 e
1623 4646 1729 4703 diram
1755 4644 1827 4716 stylo
1851 4646 1932 4703 lacila
1955 4654 2140 4719 wgnoscstur.

414 4736 540 4809 Nigidius
555 4735 719 4793 mutuarum
734 4736 807 4791 luter
822 4735 983 4805 superstites
997 4736 1089 4793 refert

512 4825 543 4895 2)
560 4824 606 4879 Sic
624 4822 735 4893 scripsit
752 4821 808 4877 Dil.
823 4837 875 4891 pro
891 4822 994 4879 Foess'c
1015 4819 1191 4878 Boimsrdurs
1209 4824 1328 4877 secutus
1563 4852 1570 4867 ·

512 4912 544 4981 8)
564 4910 661 4966 Tesers‘
670 4908 780 4965 Amaci
790 4906 1063 4964 Priacts‘nomInibus
1073 4906 1147 4963 illius
1157 4906 1199 4961 uti
1213 4906 1285 4961 solet
1301 4905 1372 4975 ipss,
1388 4905 1466 4975 cujus
1477 4904 1589 4975 propris
1598 4904 1774 4975 praenomina
1785 4910 1864 4963 erant
1875 4906 1999 4963 qussscs
2006 4903 2138 4963 ΔΑΜ.

512 4997 543 5065 4)
559 4995 677 5051 Parrum
695 4994 813 5064 spstium
829 4994 899 5050 inter
916 4994 986 5049 hsnc
1003 4999 1032 5049 et
1048 4994 1233 5064 insequentem
1250 4990 1333 5047 ritum
1349 5006 1465 5047 sscuum
1482 4996 1578 5047 exstat.

512 5082 542 5151 b)
559 5079 605 5137 Sic
620 5080 693 5151 Dil.;
708 5080 880 5137 scribendum
890 5084 950 5137 aust
961 5078 1140 5151 Edessena,
1156 5074 1435 5149 qusucminisiorms
1451 5076 1506 5135 Dil.
1523 5076 1552 5133 in
1569 5074 1714 5133 Rectom
1731 5076 1855 5147 catalogo
1868 5080 1897 5131 ct
1914 5074 2062 5133 Lonlcarus
2078 5074 2140 5145 ipsa

414 5169 444 5225 in
460 5166 533 5225 Albo
550 5165 627 5223 acad
645 5166 743 5236 utitur,
760 5182 783 5222 s
801 5165 961 5223 Hedericas.

513 5256 544 5320 t)
562 5253 619 5309 cic.
634 5251 669 5309 lt.
686 5252 720 5309 1).
737 5254 759 5324 l,
776 5256 818 5309 ac.

512 5341 542 5411 7)
563 5332 1945 5409 ΟκῶαωωᾱωωορααωῃσᾶνηωοφῂηῲίμοωὶμίιίηΔΙΜ
1963 5330 2041 5389 scsd.

512 5426 543 5495 S)
561 5424 686 5495 Nigidius
702 5439 766 5481 sum
781 5439 870 5495 saepes
885 5422 954 5479 neda
969 5422 1102 5478 docum
1118 5436 1181 5478 esse
1199 5420 1275 5489 dicit.
1293 5422 1367 5479 unde
1380 5421 1514 5481 Pistorics
1534 5436 1558 5477 a
1578 5422 1643 5477 11191
1663 5420 1792 5479 sumsisse
1809 5418 1923 5477 ridetur.

1907 5522 1969 5589 lt*
