5534 6984
573 747 618 816 32

573 935 602 999 ei
624 933 792 1002 diuturnus
814 951 1011 1016 nequaquam
1032 934 1101 1000 luit.
1145 934 1225 1000 Num
1245 937 1298 999 vix
1318 934 1427 1017 elapso
1447 934 1570 1001 biennio
1588 931 1711 998 XXIIX
1725 933 1843 1014 Aprilis
1860 952 1943 1000 anno
1957 934 2122 998 MDLXVI
2137 927 2316 999 Gosleldiao

571 1033 657 1116 apud
675 1031 893 1099 Baltbssuram
923 1039 1046 1115 putrem
1073 1039 1163 1116 peste
1191 1034 1347 1100 extinctus
1376 1038 1428 1099 est
1453 1033 1521 1099 fsto
1551 1038 1750 1115 praematuro
1776 1050 1874 1115 eoque
1899 1034 2061 1115 singulari,
2110 1033 2214 1098 Pestis
2234 1034 2317 1098 enlm

573 1137 731 1199 tumeret
754 1131 957 1216 Μαῳητςίῑ)
987 1132 1098 1198 nullibi
1126 1137 1159 1198 et
1193 1137 1301 1198 lamen
1329 1131 1426 1199 aedes
1455 1130 1602 1214 Wigsndi
1628 1131 1675 1196 its
1702 1131 1835 1198 inlectos
1864 1138 1956 1197 arunt
1981 1133 2142 1213 contagio,
2169 1138 2206 1197 ut
2233 1132 2317 1196 intra

572 1230 730 1299 octiduum
749 1237 878 1316 praebet
896 1229 1046 1298 famulam
1065 1249 1172 1298 omnes
1194 1251 1233 1298 ex
1255 1230 1409 1297 Orthlana
1429 1231 1484 1296 ills
1499 1230 1637 1297 obierint
1652 1229 1778 1295 familis.
1828 1231 1986 1315 Wipaudo
2007 1231 2189 1313 perobtavit
2204 1231 2315 1298 iustus

573 1330 727 1415 Vulteius,
748 1331 900 1400 successit
923 1337 1059 1414 agnatus
1080 1330 1233 1397 Henricus
1256 1331 1388 1397 Orthius
1408 1335 1503 1412 atque
1521 1329 1587 1412 ejus
1608 1329 1691 1394 iconi
1712 1328 1790 1394 haec
1810 1329 1940 1411 subjecit
1958 1330 2071 1396 Petrus
2092 1330 2253 1410 Paganus:

1060 1440 1125 1496 Cum
1144 1441 1199 1497 dua
1219 1443 1309 1498 lustra
1333 1443 1421 1498 lrrbus
1443 1444 1517 1497 vitae
1533 1441 1675 1510 junxisset
1692 1447 1718 1495 el
1734 1459 1835 1498 anuum

1094 1527 1210 1584 Orlllius
1227 1529 1279 1583 lac
1294 1528 1372 1598 sarie
1391 1527 1599 1597 conspiciendus
1619 1533 1686 1581 erat.

1061 1613 1114 1682 Qui
1131 1628 1227 1668 saeros
1239 1611 1352 1682 juoeuis
1369 1614 1479 1682 linquas
1494 1612 1643 1668 meditatus
1661 1619 1687 1667 el
1705 1618 1779 1666 arus·

1092 1699 1200 1756 Muue‘r'l
1216 1697 1254 1754 aa
1270 1699 1360 1754 Jaoae
1377 1698 1474 1753 Biblia
1492 1698 1596 1753 Saroeta
1613 1698 1695 1754 uam.

1058 1785 1096 1838 Al
1114 1799 1186 1840 uuna
1204 1784 1348 1839 Hebraeae
1366 1789 1490 1839 uastous
1507 1784 1639 1854 mysteria
1654 1784 1751 1853 paulis,

1093 1868 1221 1924 Siueerae
1239 1885 1334 1926 euram
1351 1869 1506 1938 rellipiouis
1524 1871 1591 1939 apii.

1059 1953 1116 2009 Hie
1133 1955 1358 2011 ursiDoctorum
1371 1956 1482 2023 salluui
1496 1957 1661 2026 praesepia:
1679 1956 1784 2011 Cbrrble

1093 2040 1163 2096 Dua
1181 2042 1234 2098 eril
1251 2042 1299 2096 ille
1318 2042 1361 2097 lui
1376 2043 1480 2111 luxque
1496 2057 1593 2097 serem
1609 2044 1708 2113 propia.

577 2125 720 2208 Vultojus
743 2131 850 2192 autem
870 2125 1031 2192 defuneto:

1059 2227 1107 2283 Eu
1120 2245 1171 2285 eur
1187 2236 1212 2286 te
1223 2229 1325 2287 slullir's
1332 2231 1454 2301 franpas
1468 2237 1516 2297 tol,
1528 2231 1648 2301 Epirus,
1663 2246 1716 2300 per
1729 2230 1836 2285 anuos?

1095 2315 1179 2371 Hora
1196 2316 1284 2372 breuis
1303 2323 1380 2371 lauto
1396 2323 1484 2387 paria
1501 2317 1593 2371 labore
1611 2317 1696 2386 rapit.

1063 2399 1178 2457 Orthiae
1197 2401 1320 2470 eaeruplo
1337 2403 1375 2456 sil
1392 2402 1541 2457 bonoribus
1558 2403 1630 2457 artis
1648 2400 1799 2464 abundans,

1098 2486 1153 2557 Qui
1171 2488 1221 2542 oia
1238 2487 1370 2542 Doctorir
1387 2503 1484 2542 mrsu
1501 2487 1620 2557 adeptus
1638 2489 1702 2542 ubil.

1061 2572 1102 2629 El
1119 2587 1201 2628 uerae
1213 2572 1335 2641 frustra,
1347 2573 1462 2640 frustra
1477 2574 1594 2643 ripilata
1606 2573 1724 2642 filerunt
1825 2631 1828 2634 ,

1098 2659 1241 2729 Tempora,
1259 2674 1319 2714 eum
1336 2665 1452 2714 stertens
1470 2659 1552 2714 leuba
1563 2659 1670 2726 jaceres
1686 2660 1768 2711 iners.

1000 2771 1005 2782 ·
1065 2744 1137 2814 eriu
1153 2745 1233 2814 persio
1251 2743 1378 2799 studiosa
1396 2745 1494 2800 cohors
1512 2742 1636 2814 iudalpel
1653 2750 1679 2799 el
1696 2745 1780 2798 boras

1099 2829 1240 2884 Tristitiae
1255 2829 1354 2898 plenas
1371 2845 1427 2884 uou
1445 2830 1513 2885 sinit
1530 2832 1570 2884 ire
1587 2845 1661 2885 suas.

1065 2916 1157 2970 Morte
1174 2914 1277 2970 cadunt
1286 2916 1413 2984 plerique
1423 2916 1488 2981 cita,
1507 2932 1568 2970 oum
1581 2917 1685 2970 eulmen
1697 2916 1735 2970 ael
1746 2918 1837 2986 ipsum

1097 3001 1249 3066 Emieuere,
1267 3002 1323 3056 eila
1338 3001 1467 3070 praemia
1483 3008 1562 3057 uocle
1579 3001 1687 3056 cadunt.

1065 3087 1104 3142 El
1120 3085 1215 3141 rideas
1233 3093 1342 3141 truncos
1359 3087 1471 3141 uirtutis
1489 3092 1515 3142 el
1531 3088 1602 3142 ariis
1621 3093 1725 3157 epeules
1792 3143 1796 3153 ,

1098 3173 1244 3241 Praeferri
1261 3172 1344 3228 claris
1362 3178 1423 3227 arte
1434 3171 1546 3240 fideque
1563 3174 1639 3227 airis.

1063 3259 1153 3329 Saepe
1170 3273 1257 3312 meum
1271 3263 1369 3328 perlue
1387 3262 1525 3312 torseruul
1541 3257 1601 3323 illa,
1618 3258 1665 3310 sal
1683 3259 1731 3312 isli

1099 3345 1166 3399 Nou
1184 3344 1273 3398 miuus
1291 3345 1321 3397 iu
1339 3343 1434 3398 doctos
1452 3343 1528 3398 elicta
1545 3344 1657 3398 scelesta
1674 3351 1792 3398 romunt.

1064 3431 1105 3486 El
1122 3445 1200 3498 quem
1211 3444 1266 3484 riou
1275 3435 1384 3485 moveat
1397 3436 1453 3484 lam
1465 3444 1509 3484 res
1519 3428 1653 3499 iudipua?
1671 3431 1733 3498 quis
1750 3435 1838 3482 aulem

1101 3514 1168 3570 Germ
1184 3513 1259 3570 ridel
1277 3515 1351 3580 liaeo,
1371 3515 1472 3569 Musas
1490 3521 1595 3570 tractus
1613 3529 1706 3568 amore
1722 3515 1816 3571 colat?

1065 3602 1143 3657 Haec
1163 3617 1220 3671 epo,
1238 3599 1286 3655 secl
1299 3600 1387 3669 salua
1405 3599 1503 3655 duetus
1518 3602 1634 3666 ratione,
1652 3601 1782 3669 loquebar

1098 3686 1244 3757 Abiecique
1262 3702 1350 3740 meum
1365 3702 1436 3754 peue
1450 3693 1599 3755 proteruus
1617 3702 1695 3754 opus.

1067 3770 1120 3827 Sed
1136 3773 1204 3826 mibi
1220 3786 1280 3825 oum
1298 3771 1395 3824 melior
1412 3787 1486 3828 meus
1505 3778 1531 3825 et
1545 3778 1667 3826 correcta
1684 3771 1794 3837 rediret,

1101 3857 1247 3912 Diversum
1264 3857 1344 3921 aeusi,
1363 3861 1389 3910 el
1401 3856 1463 3922 jam
1478 3858 1562 3925 prior
1579 3872 1657 3910 error
1671 3857 1747 3911 abiit.

1068 3943 1194 4011 Namque
1211 3957 1258 3996 uec
1276 3943 1383 4008 iure-rso
1401 3957 1486 4010 neque
1504 3942 1562 3995 ullo
1577 3943 1644 3997 baec
1659 3943 1753 3997 ordine
1760 3946 1842 4012 fiuul,

1102 4027 1247 4096 Multaque
1265 4026 1342 4082 crede
1359 4029 1434 4096 milri,
1454 4043 1523 4096 quae
1540 4030 1686 4095 moruaris,
1704 4031 1809 4086 lrabeat.

1068 4115 1112 4170 Ne
1125 4115 1250 4182 fruelum
1267 4113 1368 4168 studiis
1382 4114 1501 4182 proprie
1520 4114 1664 4184 Messisoue
1681 4113 1802 4172 dicatum

1103 4200 1195 4256 Rebus
1212 4201 1241 4254 iu
1259 4201 1379 4255 exremis
1393 4199 1492 4268 salsus
1508 4201 1595 4255 inesse
1610 4207 1699 4270 pules.

1070 4287 1144 4342 Nea-e
1162 4287 1211 4340 libi
1226 4286 1333 4356 populo
1351 4300 1445 4355 speres
1463 4292 1583 4341 aeulura.
1596 4288 1713 4342 semusdo

1102 4373 1241 4438 Praemia,
1259 4389 1319 4428 eum
1338 4378 1433 4426 iuuere
1450 4373 1547 4426 mobile
1565 4373 1662 4442 sulpur
1678 4381 1752 4443 apat.

1070 4459 1148 4514 Haec
1166 4456 1278 4512 aliunde
1295 4458 1360 4526 capi
1378 4473 1485 4521 merces,
1504 4458 1616 4512 aliunde
1632 4467 1751 4515 meretur

1105 4545 1227 4614 Sperari,
1248 4542 1326 4598 dabit
1342 4543 1409 4598 baec
1419 4544 1443 4612 ¹)
1458 4542 1570 4612 plenius
1586 4545 1647 4614 ipse
1663 4544 1748 4600 Deus.

1072 4631 1202 4701 eramus
1219 4634 1282 4684 sule
1298 4627 1369 4682 diem
1384 4635 1485 4698 raptus
1503 4630 1630 4685 morieris
1647 4635 1674 4684 el
1690 4637 1761 4696 aule,

1106 4716 1194 4786 Quam
1207 4715 1302 4785 possis
1312 4714 1426 4784 friuolus
1443 4715 1608 4783 explicuisse
1626 4721 1695 4770 luas.

1071 4802 1125 4857 Ille
1142 4800 1256 4872 perinde
1270 4806 1360 4856 lamen
1378 4802 1428 4855 ria
1445 4806 1525 4869 cepta
1541 4808 1697 4856 remunerat
1714 4803 1778 4870 isia,

1112 4887 1148 4943 Ul
1164 4888 1190 4942 si
1206 4886 1332 4957 perfecto
1347 4888 1487 4956 praesuta
1500 4886 1559 4954 fiue
1572 4887 1676 4954 soreul.

1070 4974 1238 5044 Absorplum
1256 4975 1328 5028 lauti
1341 4973 1417 5042 facil
1434 4979 1498 5027 alra
1515 4979 1601 5026 ulorle
1625 4971 1787 5042 Vipaudum,

1107 5060 1218 5131 Qemuli,
1235 5061 1261 5114 si
1280 5059 1376 5129 leopos
1394 5060 1506 5128 expleat
1522 5059 1569 5112 ille
1587 5058 1652 5112 dies.

1070 5146 1110 5202 El
1123 5146 1203 5215 ferat
1219 5146 1375 5199 innumeros
1390 5146 1421 5198 iu
1435 5150 1532 5200 uoslra
1551 5146 1666 5214 uepoeio
1676 5144 1799 5213 fructus,

1108 5233 1182 5302 Quos
1199 5231 1346 5296 allaturus,
1365 5232 1391 5286 si
1408 5236 1560 5300 superaret,
1580 5237 1646 5285 erat.

692 5416 717 5483 l)
737 5413 830 5482 Imago
848 5412 946 5469 Orobii.
1029 5398 1063 5480 ll)
1080 5410 1133 5467 Dil.
1153 5410 1263 5480 scripsit
1276 5411 1351 5478 bare,
1371 5410 1499 5480 l'ullejus
1519 5411 1579 5479 ipse
1596 5411 1674 5466 baua
