5534 6984
2116 854 2163 927 65

431 1068 579 1146 prorupta
599 1060 765 1143 celeritas,
788 1060 822 1125 ln
841 1059 1036 1143 providendo
1064 1058 1200 1141 prudens
1226 1056 1390 1125 nomiliam
1417 1058 1579 1127 emicuerit
1608 1040 1657 1125 vel
1686 1060 1843 1144 inprimis,
1873 1064 1969 1144 atque
1994 1064 2163 1145 propterea

429 1164 526 1231 alam
548 1161 589 1227 ab
610 1158 722 1227 eodem
748 1159 895 1243 Principe
916 1158 1029 1241 dignm
1054 1156 1180 1224 babitus
1207 1156 1320 1239 uuit,
1357 1174 1450 1239 quem
1476 1158 1509 1225 in
1537 1160 1738 1227 mcmtiumm
1765 1178 1893 1227 suorum
1919 1160 2164 1229 familiariorum

430 1278 594 1331 numerum
612 1276 708 1345 porro
729 1260 857 1342 legum
899 1256 965 1325 Nee
981 1257 1099 1323 attinet
1119 1256 1255 1338 taleme,
1285 1274 1349 1339 qua
1376 1256 1439 1323 lide
1460 1274 1589 1339 operum
1609 1274 1716 1341 mum,
1741 1276 1848 1325 curam
1875 1266 1909 1327 et
1934 1261 2072 1329 studlnm
2092 1261 2162 1329 aliie

430 1378 554 1444 quoque
573 1358 783 1443 Principibus,
810 1356 1000 1439 (inmitibus,
1024 1355 1211 1423 Civitatibus
1243 1355 1350 1423 liberis
1379 1361 1414 1422 et
1440 1356 1687 1440 quibuscunque,
1718 1376 1851 1441 quorum
1875 1358 1908 1425 id
1932 1361 2102 1443 intererat,
2130 1361 2163 1429 in

430 1460 550 1527 ausis
568 1458 700 1543 agendis
720 1456 903 1524 advocanda
921 1462 954 1523 et
973 1454 1165 1523 consulendo
1185 1456 1307 1523 locarit
1348 1454 1432 1523 Sane
1453 1458 1500 1522 ita
1520 1456 1579 1522 viri
1606 1457 1701 1523 rebus
1725 1458 1758 1523 iu
1785 1458 1926 1525 omnibus
1953 1466 2095 1543 spectate
2114 1466 2163 1527 est

428 1558 602 1641 industria,
630 1564 668 1625 ut
688 1558 783 1624 ιιίιιιιι
803 1560 973 1639 propterea
1001 1557 1070 1638 ejus
1095 1572 1192 1639 opera
1218 1556 1365 1621 carutim
1385 1561 1585 1639 expeteretur
1606 1555 1647 1621 ab
1669 1556 1826 1639 omnibus,
1852 1558 1940 1641 isque
1960 1559 2162 1644 Gmmngam,

429 1658 650 1739 lauvardiam,
670 1658 704 1722 in
721 1656 855 1724 mum
874 1656 1084 1739 orientalem,
1105 1654 1272 1721 Sasomam
1288 1655 1495 1723 Electoralenr
1515 1660 1549 1723 et
1562 1656 1818 1723 Rostocbleusem
1834 1656 2030 1725 Academiam
2047 1660 2163 1727 oblatis

429 1758 627 1843 amplissimis
647 1754 815 1823 bonoribus
834 1760 1030 1822 eeooeretur.
1078 1754 1144 1822 Sed
1171 1772 1267 1837 qumn
1293 1756 1527 1837 ingravesceret
1555 1760 1645 1823 aetas
1671 1756 1705 1821 In
1730 1774 1861 1823 munem
1886 1756 1944 1823 boc
1969 1774 2025 1825 suo
2045 1764 2079 1825 et
2100 1759 2162 1826 leni

430 1858 499 1925 ocio
520 1874 588 1924 cum
609 1872 704 1923 uxore
725 1860 760 1921 et
779 1855 867 1939 prole
886 1872 1053 1921 numerosa
1073 1855 1308 1937 conquiescere,
1335 1872 1432 1937 quarn
1458 1854 1604 1922 somenae
1631 1859 1665 1922 et
1687 1855 1851 1937 diguimtls
1872 1857 2067 1923 accessiones
2087 1858 2162 1927 alibi

430 1974 582 2041 quaerere
605 1961 640 2021 et
666 1974 703 2022 se
728 1956 824 2021 variis
851 1956 1073 2038 migratIunmu
1100 1954 1252 2021 molestiis
1273 1961 1309 2021 et
1326 1954 1472 2021 fluctibus
1494 1956 1622 2021 incertIs
1644 1956 1838 2027 committere
1858 1956 1978 2023 rualrrit.
2018 1958 2162 2039 dimasto

429 2058 536 2139 itaque
553 2059 682 2121 statuae
700 2061 903 2122 monumento
922 2054 1089 2137 larglorise
1108 2055 1276 2137 praecoma
1296 2072 1361 2121 non
1381 2058 1470 2137 eget,
1498 2056 1551 2137 qui
1579 2054 1754 2121 clarissima
1778 2056 1907 2121 drtutis
1927 2060 1962 2123 et
1981 2056 2163 2123 erudiuouis

430 2155 580 2239 tropbsea
597 2156 633 2221 in
652 2154 813 2221 bominum
833 2154 946 2223 animis
963 2154 1066 2220 defixa
1085 2154 1228 2236 reliquit,
1249 2160 1284 2221 et
1301 2154 1483 2221 neusciam
1503 2154 1575 2221 viva
1594 2172 1684 2225 voce.
1706 2171 1769 2238 qua
1790 2154 1897 2221 XXIII
1917 2156 2041 2223 circiter
2063 2174 2162 2223 annos

429 2274 493 2321 non
515 2256 583 2323 sine
604 2254 742 2321 omnium
761 2255 917 2338 applausu
934 2256 968 2320 in
991 2252 1211 2337 Marpurgcnsi
1230 2252 1398 2321 Academia
1414 2254 1488 2336 jure
1509 2252 1615 2321 docuit
1635 2254 1773 2337 publipu,
1795 2254 1850 2321 sed
1870 2259 1904 2321 et
1924 2256 2049 2339 scriptIs
2070 2255 2163 2323 editis

429 2355 470 2421 de
497 2352 690 2437 Rapobbae,
720 2360 755 2420 et
778 2372 873 2437 porro
891 2353 1021 2421 edendis
1040 2354 1176 2419 nominis
1195 2354 1244 2421 sni
1264 2354 1445 2419 memoriam
1466 2354 1647 2419 aeteruItati
1668 2354 1869 2421 comecrarlt
1912 2353 1997 2421 Obiit
2017 2354 2163 2421 Gmsellis

429 2470 512 2521 anno
526 2452 707 2521 mnoxvll
726 2453 779 2519 dic
791 2452 868 2535 Maii
884 2452 1057 2535 undecimo,
1077 2454 1194 2519 aetatis
1215 2470 1297 2519 anno
1310 2452 1453 2535 uxxw,
1473 2453 1590 2519 relictis
1607 2454 1724 2535 gloriae
1740 2458 1890 2535 pateruae
1910 2458 2008 2536 atque
2029 2454 2163 2521 nomime
2221 2534 2226 2539 ¹

428 2554 559 2621 aemnIIs
580 2554 621 2619 Ι).
636 2552 801 2620 (luilielmo
821 2552 1004 2619 Burobardo
1022 2560 1058 2619 et
1073 2552 1203 2619 Nicolao
1222 2550 1356 2618 Ilerdae
1374 2552 1509 2635 principi
1520 2552 1668 2619 Mauritio
1685 2552 1863 2633 aconsiliis,
1884 2568 1942 2619 nec
1961 2570 2025 2619 non
2040 2552 2163 2621 Ioanne

429 2654 552 2721 Sixtino
580 2652 793 2728 Halberstadii
818 2652 861 2718 ad
890 2652 930 2718 D.
958 2650 1092 2719 bladam
1115 2651 1284 2719 canonico.
1338 2650 1387 2717 De
1408 2652 1656 2737 jurisprudentia
1682 2660 1717 2719 et
1743 2653 1864 2735 pietate
1889 2652 2023 2733 chumi
2050 2652 2163 2720 Sixtini

429 2754 628 2821 Hermanuus
648 2751 837 2819 Fabronius:
1498 2798 1501 2808 .

323 2854 329 2863 ‘
911 2851 1017 2907 Sa'am
1028 2852 1134 2921 socient
1151 2850 1249 2907 &aar
1266 2849 1397 2921 depicait
1412 2850 1530 2921 Apelles,

946 2940 1084 2993 Tartam
1099 2939 1206 3008 pram
1221 2938 1367 2993 ιιοὸίὶιοήι
1385 2954 1460 3009 opes.

911 3023 942 3079 δι’
957 3026 1065 3094 pedam
1076 3024 1168 3091 jara,
1182 3024 1299 3095 premas
1314 3040 1429 3079 raama
1446 3026 1574 3095 qenais?

944 3110 1114 3180 Mabopolce
1132 3108 1228 3165 &aaa
1249 3110 1384 3180 pretore
1401 3112 1458 3167 ictu
1476 3116 1584 3167 sonunt.

429 3203 463 3264 et
489 3198 522 3263 iu
545 3196 825 3281 Amgrummatum
852 3194 953 3263 classe
980 3196 1115 3263 secunda
1129 3197 1175 3281 ¹),
1216 3196 1382 3265 REGENS
1411 3196 1497 3263 REX
1522 3194 1738 3279 IUSTINUS,
1777 3212 1816 3261 ex
1851 3214 1911 3281 qno
1939 3196 2160 3266 REGNERUS

429 3295 621 3365 SIXTINUS

426 3407 428 3410 ·
909 3396 1041 3461 Miraris,
1057 3396 1177 3463 Sauum,
1195 3394 1317 3465 atram?
1340 3394 1470 3450 aaaron
1487 3410 1529 3451 er:
1553 3396 1608 3450 ιἰιιο

944 3482 1008 3537 Rea
1025 3498 1053 3537 aa
1071 3497 1166 3552 repere
1182 3496 1202 3535 o
1218 3482 1333 3536 miae.

909 3567 963 3623 Jaa
980 3584 999 3622 u
1015 3566 1145 3633 ructas,
1161 3566 1291 3622 duram
1308 3564 1343 3620 ub
1360 3566 1457 3621 bucam
1476 3564 1543 3635 quid
1560 3582 1631 3637 arpo,

946 3653 1013 3709 cus
1029 3660 1060 3709 ta
1077 3655 1132 3709 siaa
1148 3654 1246 3709 bontas
1262 3652 1385 3713 mala!

912 3740 975 3795 Rea
991 3744 1161 3811 quapropter
1178 3738 1233 3793 cria
1249 3736 1282 3793 de
1298 3736 1421 3792 suffiae:
1435 3734 1512 3805 juria
1529 3737 1564 3792 ob
1581 3743 1640 3793 urta

944 3825 1088 3881 Jaetr‘rrrta:
1105 3830 1250 3895 atramque
1268 3822 1400 3880 coarmil.

1091 4106 1332 4178 Bernhardus
1356 4108 1494 4193 Copias

1191 4224 1399 4296 strombergius.

525 4349 660 4419 Nationc
680 4346 882 4431 Wcstpbalus
901 4346 1125 4431 Strornbergae
1151 4346 1406 4415 monasteriensis
1431 4346 1616 4413 Dioecmeos
1641 4347 1756 4429 oppido
1783 4352 1877 4415 uatus
1904 4366 1985 4415 annu
2007 4348 2158 4417 mnxxv

428 4453 521 4532 patre
546 4448 730 4515 bernbardo
759 4446 873 4529 Cupio,
907 4447 975 4513 vlro
999 4448 1143 4530 literato,
1184 4446 1412 4513 Hervordensis
1440 4446 1588 4529 primum,
1631 4446 1742 4513 deiude
1768 4446 2001 4531 Lemgovieusis
2036 4449 2159 4517 scholae

427 4549 562 4615 Bectore
581 4554 613 4615 et
632 4553 744 4631 postea
764 4548 798 4612 iu
817 4546 924 4630 petrin
941 4546 1029 4612 verbi
1051 4545 1148 4613 diuini
1167 4546 1310 4613 ministro
1323 4544 1468 4613 colonita
1481 4544 1634 4611 loannem
1649 4545 1893 4630 Oldendorpium
1910 4548 1982 4631 jure
1999 4548 2160 4617 ducentem

428 4647 549 4714 audisti
568 4652 663 4731 atque
683 4645 862 4713 Gabrielem
881 4642 1051 4712 bludaenm
1070 4646 1210 4713 lovanii
1251 4645 1389 4713 PrImsm
1403 4662 1531 4727 operam
1545 4662 1635 4713 suam
1649 4644 1786 4713 exhibuit
1801 4646 1937 4729 Collegio
1950 4648 2159 4731 BustorpIsno

428 4746 656 4830 Puderbornae,
677 4746 811 4812 altarem
830 4744 954 4811 subolae
970 4744 1217 4827 blonnsterieusi,
1238 4746 1364 4812 tertium
1379 4744 1608 4822 Tremouiensi,
1628 4752 1773 4829 quartam
1792 4746 1923 4830 denique
1936 4748 2158 4829 Lemgooieusi.

428 4845 595 4913 Postmodo
606 4844 756 4942 ejusmodi
768 4850 930 4928 pertaesus
943 4844 1301 4927 laborumblarpurgum
1313 4842 1487 4913 concedens
1501 4862 1584 4913 anno
1593 4844 1760 4913 MDLIIVI
1775 4864 1846 4913 mor
1857 4846 2005 4929 privatim
2020 4846 2158 4913 ducendo

429 4964 500 5013 eum
524 4960 594 5012 sese
618 4944 775 5028 exhibuit,
812 4950 851 5011 ut
877 4943 1022 5011 defuncto
1048 4942 1164 5011 loanni
1191 4944 1341 5011 Ianioero
1370 4944 1405 5009 in
1431 4942 1622 5027 professione
1651 4944 1792 5013 Graeuae
1819 4945 1945 5027 liuguae
1975 4952 2159 5028 surrogatus

429 5063 513 5112 anuo
533 5042 700 5110 MDIXIII
720 5044 843 5126 publice
863 5048 897 5110 ct
916 5042 968 5109 lric
987 5042 1116 5109 doceret
1128 5042 1333 5126 juventutem.
1372 5042 1453 5111 Erat
1471 5044 1552 5111 enixu
1566 5044 1615 5110 uir
1628 5044 1806 5127 Hebraeae,
1827 5044 1968 5113 Graecae
1980 5050 2014 5111 et
2027 5046 2159 5129 Latinae

429 5144 555 5227 Inguae
572 5142 798 5227 peritissimus,
825 5140 1015 5225 Tbeologlae
1042 5142 1173 5209 udentia
1193 5142 1315 5225 multis,
1342 5144 1397 5227 qui
1422 5160 1492 5211 earn
1519 5140 1765 5228 profitebantur,
1790 5144 1949 5229 superior,
1979 5163 2159 5229 summoque

429 5244 590 5327 praeditus
609 5241 752 5325 ingenio,
780 5240 976 5324 eloquentia,
1007 5240 1135 5307 oonsilio
1157 5246 1191 5311 et
1212 5242 1369 5327 sapientia
1397 5242 1562 5327 muneri,
1590 5244 1642 5327 'qui
1670 5260 1791 5311 omnem
1819 5262 1945 5329 operam
1967 5249 2002 5311 et
2021 5244 2158 5311 laborem

530 5464 555 5528 ll
573 5462 605 5517 In
623 5462 759 5519 columine
776 5458 934 5517 catellano
951 5477 972 5517 s.
990 5461 1009 5517 l.
1028 5478 1082 5519 nou
1100 5462 1164 5530 boc,
1183 5460 1231 5517 aed
1250 5460 1325 5519 allud
1342 5478 1516 5533 anagramma
1535 5460 1570 5518 ad
1588 5462 1685 5519 Sixtiui
1704 5478 1801 5519 nornen
1819 5464 1959 5533 pertinens
1977 5470 2072 5521 metat.

1952 5568 1970 5631 9
