5534 6984
1046 1038 1088 1094 Et
1105 1036 1173 1108 quia
1191 1036 1365 1092 manseron
1380 1036 1436 1093 sibi
1452 1043 1550 1109 sponte
1567 1036 1685 1107 elegerat
1701 1036 1802 1101 urben,

1081 1123 1181 1181 Posset
1197 1122 1246 1179 nbi
1261 1122 1348 1178 uitam
1362 1122 1458 1196 deame
1467 1125 1493 1194 ¹)
1510 1122 1608 1179 aanor
1625 1137 1714 1191 mom,

1047 1209 1110 1267 Rea
1127 1208 1229 1266 aanor
1246 1208 1331 1278 (ride)
1350 1209 1675 1282 Knipperqneiolingins
1691 1208 1789 1267 antas

1081 1295 1149 1351 (iiim
1165 1295 1249 1351 soeiis
1262 1302 1352 1351 uatem
1366 1311 1435 1351 mon
1445 1296 1578 1365 populere
1593 1296 1662 1352 iooo.

1047 1381 1090 1437 Hi
1106 1387 1164 1437 aim
1188 1382 1390 1452 Wostpiiaiiam
1408 1382 1555 1437 turbabant
1571 1381 1698 1451 moniam
1710 1382 1790 1452 jaiso

1083 1466 1181 1524 Omnes
1197 1470 1318 1524 numano
1334 1468 1490 1524 Damonis
1508 1482 1556 1523 ore
1569 1468 1656 1537 uafri.

1047 1553 1093 1610 Sic
1109 1555 1188 1625 oepit
1203 1556 1276 1610 bano
1291 1570 1421 1625 naariam
1439 1554 1594 1610 Dalmania
1606 1568 1701 1625 parua
1717 1558 1829 1625 pottam

1081 1638 1228 1696 &nimio
1245 1641 1316 1696 clari
1332 1656 1435 1711 corona
1455 1646 1482 1697 et
1502 1656 1568 1696 ossa
1584 1640 1647 1695 uiri.

615 1741 802 1809 Metlioiinm
827 1740 954 1809 Donati
987 1741 1161 1808 illustravit
1187 1742 1380 1825 Busubius²)
1416 1749 1450 1810 et
1474 1744 1712 1812 Decimatioiies
1736 1743 1929 1809 Plautinas:
1960 1742 2073 1809 Artem
2099 1746 2353 1811 memorativum:

620 1843 748 1909 Vallum
775 1842 1001 1909 inmanitatis:
1029 1842 1309 1927 Epigrammatam
1335 1843 1437 1911 libros
1465 1850 1531 1911 tres
1558 1847 1591 1911 et
1617 1844 1654 1910 iii
1679 1842 1797 1912 Siliam
1822 1841 1973 1909 Italioum
2001 1844 2224 1910 annotationes
2246 1844 2353 1911 edidit.

613 1941 734 2008 Extant
751 1946 915 2024 praeterea
935 1940 1075 2008 versibus
1095 1941 1227 2009 heroicis
1241 1943 1450 2027 Hypontieon
1470 1943 1508 2009 de
1525 1943 1656 2010 solemni
1677 1941 1829 2009 antistita
1850 1941 1978 2022 Georgii
1996 1941 2133 2008 Palatini
2153 1942 2194 2008 ad
2211 1943 2354 2011 Rhenum

612 2043 646 2107 in
667 2040 790 2123 Spiram
818 2040 964 2123 introitu,
1000 2058 1039 2107 aa
1065 2042 1105 2109 de
1137 2043 1300 2126 angulari
1332 2044 1528 2111 authoritate
1555 2042 1679 2110 Veteris
1707 2062 1745 2109 ae
1771 2040 1856 2108 Noni
1884 2042 2095 2108 instrumenti
2122 2042 2296 2111 Soorornm
2324 2052 2353 2109 et

615 2140 960 2223 Eaaaaimrnw)
985 2142 1138 2227 farrago.
1197 2140 1407 2225 anteroquin
1441 2142 1741 2227 diagnosticum
1774 2146 1824 2208 est
1859 2139 1938 2206 illud
1973 2139 2104 2224 cespati
2131 2142 2285 2225 Rodolphi
2313 2142 2353 2209 de

611 2239 791 2307 Hermanno
811 2238 944 2306 Busahio
963 2241 1092 2324 eiusque
1112 2240 1333 2326 sucoessore⁴)
1361 2241 1556 2325 Glandorpio
1578 2241 1819 2309 Monasteriensi
1836 2239 2004 2323 judicium,
2032 2238 2133 2307 nullos
2153 2241 2353 2309 Academiam

611 2339 874 2423 Marpurgensam
896 2339 1125 2423 eloquentiores
1145 2342 1230 2409 viros
1250 2342 1372 2409 duobus
1384 2341 1575 2425 westphal'u
1589 2341 1725 2409 Buschio
1738 2346 1771 2407 et
1783 2339 1978 2423 Glandorpio
1992 2338 2157 2407 audivisse.
2190 2341 2354 2425 Expuavit

611 2442 718 2507 autem
753 2438 919 2507 aneiiiiis
950 2439 1136 2508 Dalmauiae
1176 2444 1318 2524 ternpore
1354 2440 1520 2509 obsidionis
1554 2440 1829 2524 Monasteriensis‚
1871 2457 1972 2507 annus
2007 2458 2076 2505 cum
2115 2446 2201 2507 esset
2236 2442 2353 2509 christi

611 2536 866 2623 *summm
2113 2546 2115 2551 ’

1252 2720 1296 2788 Μ.
1323 2720 1459 2787 Petrus
1487 2720 1692 2789 Plateanus

709 2883 791 2950 Puer
809 2902 828 2949 e
848 2884 1039 2967 Brabantia,
1058 2884 1145 2950 unde
1165 2884 1317 2951 oriundus
1337 2890 1417 2969 erat,
1437 2885 1599 2967 digressus
1620 2886 1713 2952 tectis
1733 2885 1849 2951 nostris
1869 2884 2020 2950 suecessit
2040 2882 2162 2965 hospes,
2184 2887 2222 2949 ut
2242 2882 2275 2948 in
2293 2882 2351 2949 hoc
2414 2920 2416 2924 v

612 2983 709 3051 veluti
731 2984 894 3049 literarum
916 2984 1055 3066 emporio
1076 3001 1141 3050 non
1161 2984 1289 3050 sordido
1317 2984 1424 3068 aliquo
1444 2991 1642 3052 mercaturae
1663 3002 1795 3067 genere,
1822 2984 1880 3051 sed
1908 2982 2136 3050 liberalissimis
2163 2982 2351 3063 optimarum

612 3084 728 3150 artium
748 3082 858 3150 studiis
879 3083 1110 3166 negotiaretur,
1130 3084 1218 3166 eujus
1239 3083 1421 3150 memoriam
1441 3085 1631 3167 amplissimo
1652 3085 1711 3153 hoa
1731 3088 1935 3151 monumento
1957 3083 2153 3151 conseeravit
2173 3082 2331 3164 Nigidius:

1093 3183 1259 3239 Rbetorieen
1276 3181 1372 3239 docuit
1390 3182 1512 3240 Petras
1529 3183 1713 3240 Plateanns
1730 3190 1843 3255 eratque

1128 3269 1281 3325 Lanieolae
1298 3270 1404 3327 aaran
1421 3270 1511 3327 tanin
1527 3272 1668 3339 bonoram
1684 3271 1801 3326 aeliotae.

1093 3354 1177 3411 Hane
1192 3370 1310 3426 parmai
1325 3357 1406 3411 nobis
1423 3357 1577 3414 transmisit
1593 3356 1708 3427 Belgica
1724 3356 1805 3413 atius

1130 3441 1323 3498 Praestantem
1339 3443 1464 3513 ingenio,
1482 3443 1647 3514 religiono)
1663 3443 1752 3513 pium.

1093 3527 1222 3583 Manilius
1237 3529 1283 3584 bio
1300 3534 1387 3599 aptas
1403 3529 1507 3585 nostris
1524 3546 1558 3585 ao
1574 3530 1670 3585 suauis
1688 3529 1799 3595 ninioas,

1127 3614 1169 3669 Et
1179 3614 1279 3684 facilis
1295 3616 1375 3672 nobis
1393 3614 1500 3687 gandia
1517 3632 1599 3687 saepe
1619 3616 1684 3671 tnlit
1694 3619 1727 3684 ⁷).

1091 3700 1187 3755 batur
1205 3702 1270 3771 apii
1282 3702 1366 3773 fraqi
1375 3702 1465 3772 florei
1482 3703 1612 3759 sectantis
1631 3702 1737 3769 odores,

1125 3786 1261 3842 Aaetoros
1277 3788 1378 3843 solitus
1389 3788 1561 3858 pmuolitare
1578 3790 1670 3845 bonas.

1093 3871 1150 3927 Hie
1160 3872 1186 3941 ⁸)
1205 3870 1313 3927 tandem
1330 3888 1350 3929 a
1364 3874 1444 3929 nobis
1459 3873 1538 3931 clara
1555 3890 1616 3931 aim
1631 3873 1745 3945 coranos
1760 3875 1847 3941 amsii,

1125 3958 1168 4013 Et
1185 3958 1240 4014 sibi
1252 3960 1404 4031 prospexit
1420 3959 1455 4016 de
1472 3960 1583 4018 meliore
1601 3961 1669 4017 toro.

1091 4043 1150 4099 Nee
1168 4048 1276 4100 tantini
1291 4044 1400 4103 studuit
1420 4045 1548 4104 Romano
1566 4046 1655 4104 dicere
1671 4061 1756 4111 nore,

1125 4129 1216 4185 Nosse
1234 4133 1317 4188 etiam
1333 4146 1416 4188 aerae
1434 4149 1557 4205 quasque
1573 4132 1687 4189 metalla
1698 4133 1767 4202 snit.

1089 4216 1244 4286 Exponens
1262 4217 1371 4275 tantia
1389 4217 1487 4274 diuina
1504 4219 1620 4275 oracula
1640 4218 1744 4275 t'tiristi'

1124 4304 1263 4359 Arsaniae
1280 4304 1362 4375 mago
1372 4306 1396 4374 ·)
1416 4310 1537 4376 tempore
1550 4306 1634 4375 pouit
1651 4321 1722 4361 ooes.

1091 4389 1186 4445 Donet
1203 4390 1374 4447 amianas
1395 4394 1494 4461 rapuit
1511 4407 1586 4447 mors
1604 4408 1688 4447 saera
1704 4392 1867 4459 miniitnim,

1125 4475 1168 4533 Et
1183 4477 1303 4548 requiem
1317 4477 1444 4536 membris
1458 4483 1534 4534 terra
1551 4478 1667 4551 benigiia
1686 4476 1768 4534 deaii.

1313 4556 1327 4588 0

706 4632 736 4786 ii
753 4628 909 4773 baiiiroiuiii'
925 4628 1116 4773 timi-md
1146 4714 1240 4785 pausis
1264 4712 1371 4770 omissis
1396 4726 1412 4767 a
1436 4711 1543 4769 Slnrlurt
1568 4716 1686 4784 epitoma
1718 4715 1900 4773 bibliothecas
1927 4718 1955 4771 c.
1980 4715 2094 4772 Gesneri
2118 4713 2268 4783 depromsit
2294 4713 2348 4769 Dii.

608 4804 703 4860 Arsin
725 4804 932 4860 memoratioain
954 4819 1009 4860 non
1025 4801 1150 4871 Busahii,
1176 4800 1226 4857 sad
1246 4798 1364 4855 vitiasti
1388 4812 1460 4869 essa,
1485 4799 1547 4857 Jaa.
1572 4800 1764 4859 Burokhsrdns
1787 4802 1979 4860 demonstrarit
1995 4803 2023 4857 in
2047 4802 2103 4857 vita
2121 4799 2245 4870 Bastuli,
2270 4816 2349 4870 quam

608 4888 722 4947 eunom
745 4890 820 4946 Valli
836 4890 1020 4947 bamamtatis
1035 4888 1185 4961 praemisit.

706 4978 737 5047 t)
754 4976 971 5033 turmariorum
987 4990 1040 5031 oin.
1056 4974 1112 5031 Dii.

703 5060 1004 5132 meanwarorum

704 5151 734 5217 5)
751 5148 832 5205 Hans
849 5164 948 5205 snnnm
965 5148 1059 5220 posuit
1075 5147 1129 5204 Dil.
1147 5146 1287 5217 Nig‘ilium
1304 5150 1426 5215 saeuum
1451 5150 1564 5203 iuotsrs
1582 5144 1794 5213 Hanslnanno,
1817 5143 2028 5202 lucuinaiiino
2046 5146 2118 5203 vitae
2137 5144 2248 5205 Busuhii
2272 5157 2347 5198 snar-

607 5241 713 5307 ritora,
728 5239 850 5291 mortuus
867 5240 911 5291 est
927 5250 952 5292 a
972 5238 1052 5305 15343
1069 5234 1204 5291 Pistorins
1220 5249 1283 5290 ium
1301 5231 1408 5290 Adamo
1425 5247 1450 5288 a
1469 5234 1536 5287 1585
1554 5231 1671 5289 exhibet

705 5320 736 5391 6)
753 5320 843 5391 Nigib
861 5321 922 5392 ipso
938 5321 1088 5393 reiigione

706 5407 737 5476 7)
754 5406 844 5463 boans
861 5406 994 5477 imaginis.

707 5496 736 5562 8)
755 5493 801 5550 flio
816 5492 881 5565 Dii,
897 5493 987 5563 tligid.
1004 5495 1077 5553 ttina
1151 5496 1182 5562 9)
1198 5492 1245 5550 Sic
1263 5493 1367 5564 Nigid.,
1384 5492 1440 5550 Dii.
1459 5492 1544 5563 longe
