5534 6984
2091 817 2159 891 125

413 1016 497 1083 riom
526 1013 675 1093 calcavit,
706 1018 744 1079 ut
769 1028 839 1077 cum
868 1008 1001 1077 Horatio
1027 1008 1116 1094 loqui
1143 1009 1219 1079 milui
1247 1011 1357 1094 liceat,
1388 1016 1592 1097 praematuro
1619 1028 1695 1077 sene
1722 1011 1880 1077 extinctus
1901 1014 2018 1093 morte,
2048 1016 2157 1092 utpote

412 1117 551 1183 nondum
571 1112 870 1196 quinquagenarius.
912 1110 976 1176 Sed
996 1110 1042 1176 ita
1065 1116 1130 1175 est:

758 1212 851 1277 Vitae
870 1232 996 1277 assumo
1013 1210 1121 1275 breuis
1140 1230 1228 1292 apuu
1247 1230 1307 1275 aros
1325 1214 1413 1275 cetat
1433 1209 1585 1277 inchoare
1607 1210 1742 1294 ίομραιη.

413 1314 451 1379 ln
470 1310 610 1379 Goelenii
632 1311 724 1395 lustjus
744 1312 877 1393 effigiem
897 1309 1031 1392 Eglinus

896 1409 1002 1463 Jesior
1016 1406 1150 1463 melleas
1168 1406 1316 1463 Goekaiea
1333 1414 1394 1463 orta
1410 1404 1543 1475 medardi,

932 1493 970 1549 la
986 1494 1116 1564 Physicis
1131 1493 1245 1560 μεὶωε,
1264 1494 1348 1563 inqua
1365 1494 1573 1551 Matitmoticiu

896 1579 1030 1637 Enete.-
1045 1582 1159 1651 acriptis
1175 1580 1307 1651 ἱμείρωι
1325 1598 1414 1651 nuper
1432 1580 1577 1652 ademptus

931 1667 967 1722 [μ
983 1666 1074 1737 coelo,
1093 1666 1123 1723 ἱμ
1140 1668 1215 1723 raetia
1232 1668 1353 1734 victitat,
1370 1667 1453 1735 inque
1471 1668 1555 1723 libris.
1568 1668 1593 1737 ¹)

1096 1926 1324 1995 catherinus
1346 1926 1480 1995 Dulcis

1201 2034 1335 2090 Allobrox
1344 2036 1372 2105 ¹)

512 2179 665 2247 Oruusiliae
684 2178 890 2261 Allobrogum
915 2196 1001 2245 anno
1028 2145 1053 2243 a¹
1069 2177 1195 2245 Christo
1221 2186 1298 2244 usto
1320 2175 1441 2243 ulnxt
1468 2176 1626 2243 nobilibus
1654 2178 1837 2261 perentibus
1866 2176 1989 2244 Joanne
2010 2176 2101 2243 Dulci
2129 2182 2162 2243 et

414 2278 603 2362 magdalena
624 2279 731 2359 Nerga
749 2286 839 2346 satus
859 2286 919 2345 est.
960 2274 1094 2345 Puerilis
1116 2277 1277 2345 doctrinae
1297 2278 1330 2345 in
1350 2277 1575 2343 Anneciaeensl
1598 2276 1729 2359 primunr
1748 2277 1912 2343 Athenaeo
1932 2277 2041 2359 posuit
2059 2277 2159 2359 initis,

413 2379 524 2447 eadem
543 2378 701 2446 subtiliori
724 2378 872 2461 deinceps
893 2378 1072 2461 cognitione
1092 2396 1131 2444 ac
1149 2378 1273 2445 ratione
1293 2377 1460 2443 hterarum
1481 2382 1514 2443 et
1534 2377 1808 2445 exercitationibus
1828 2378 1966 2445 assiduis
1987 2378 2021 2444 in
2041 2379 2162 2461 Argen·

413 2480 528 2549 tineosi
549 2479 652 2561 hyoco
672 2478 752 2545 aluit
771 2495 810 2545 eo
831 2478 957 2560 quidem
978 2478 1103 2559 studio,
1124 2484 1162 2543 ut
1181 2495 1245 2543 nou
1265 2476 1369 2543 solum
1391 2476 1521 2543 Sturmii
1542 2477 1735 2560 aliorumque
1752 2476 2003 2545 doctissimorum
2023 2478 2162 2547 virorum

413 2580 628 2648 demereretur
645 2594 802 2660 morem,
829 2578 1054 2645 verumetiam
1083 2577 1169 2660 quod
1197 2576 1240 2643 ad
1271 2577 1389 2642 artium
1415 2574 1629 2659 disciplinam,
1662 2582 1813 2659 uunquam
1833 2577 1875 2643 ad
1895 2596 2005 2643 saxum
2026 2578 2163 2661 aliquod,

413 2680 653 2748 adhaeresceret
674 2678 797 2759 acrius,
816 2676 869 2743 six
888 2677 1004 2745 menda
1025 2695 1095 2743 esse
1116 2694 1194 2743 suae
1213 2677 1381 2745 uideretur.
1423 2676 1560 2757 Ideoque
1581 2682 1617 2743 ut
1638 2677 1759 2744 coelum
1777 2676 1880 2759 ipsum
1901 2682 1934 2743 et
1955 2678 2039 2745 vitoe
2059 2696 2161 2759 genus

412 2778 643 2864 quodammodo
663 2782 818 2858 numos,
837 2794 986 2859 nagnam
1001 2776 1190 2843 Germaniae
1209 2782 1334 2859 partem
1352 2794 1424 2841 enm
1440 2776 1668 2857 Orteoburgioo
1683 2775 1806 2843 Corrdte
1825 2776 1961 2843 Ernesto
1981 2779 2162 2859 peragravit

412 2886 448 2946 et
469 2896 565 2961 quum
584 2876 724 2960 eJusdem
744 2876 890 2959 deinceps
910 2876 1178 2945 commendatione
1192 2875 1234 2943 ad
1246 2875 1411 2943 Philiberti
1425 2876 1579 2943 Badensis
1594 2874 1784 2943 biarchionis
1804 2858 1955 2943 lumihum
1977 2876 2161 2961 tremuisset,

385 3020 392 3041 ,
413 2979 517 3047 eidem
537 2978 620 3045 buter
641 2976 761 3043 nobiles
780 2994 912 3059 pueros,
941 2976 996 3059 qui
1017 2994 1036 3041 e
1055 2975 1235 3057 Principum
1254 2982 1447 3043 consuerunt
1468 2994 1538 3043 esse
1559 2976 1788 3059 paedagogels,
1816 2977 1959 3043 inserviit
1981 2976 2163 3060 aliquandiu

412 3085 447 3147 et
467 3079 509 3145 ab
527 3076 637 3145 eodem
653 3076 696 3143 ad
709 3075 996 3157 wirtenbergicum
1012 3076 1130 3143 Ducem
1145 3074 1405 3159 Christophorum
1425 3075 1589 3157 eidemque
1609 3076 1832 3159 homonymum
1851 3075 2006 3143 Electoris
2027 3076 2162 3145 Palatini

338 3167 344 3178 ’
413 3176 687 3260 illuminatorem
706 3194 741 3242 se
762 3174 945 3257 tranauit,
965 3176 1021 3258 qui
1041 3176 1076 3243 id
1096 3174 1221 3241 denum
1240 3193 1298 3243 sua
1313 3174 1510 3243 authoritate
1530 3174 1613 3259 apud
1627 3176 1828 3259 Senarpontii
1848 3176 1881 3243 in
1895 3174 2042 3245 Picardia
2061 3179 2163 3261 reguli

413 3278 497 3345 lilios
524 3282 594 3343 tum
618 3276 769 3358 temporis
797 3273 1027 3357 Heidelbergae
1053 3272 1203 3357 degentes
1232 3274 1353 3359 eiecit,
1391 3280 1429 3341 ut
1456 3275 1668 3345 Collatinum
1679 3279 1709 3357 ⁸)
1744 3276 1866 3343 itineris
1899 3294 1957 3359 per
1983 3276 2105 3345 Gallius
2129 3286 2164 3347 et

413 3378 540 3447 ltaliam
566 3376 599 3443 in
625 3394 732 3443 omnes
757 3394 851 3443 casus
878 3377 1159 3459 complecterentur
1194 3374 1348 3441 comitem
1399 3378 1443 3440 At
1472 3376 1554 3441 enim
1584 3374 1756 3457 degustata
1791 3376 1846 3441 illa
1873 3375 2163 3459 peregrinationum

414 3477 579 3547 dulcedine
606 3476 654 3541 ita
678 3476 814 3558 exarsit,
853 3480 890 3539 nt
916 3475 1030 3557 pelago
1057 3492 1127 3542 sese
1153 3475 1348 3543 committere
1378 3480 1413 3541 et
1441 3474 1743 3557 Constantinopolim
1775 3475 1878 3558 ipsam
1909 3474 1998 3543 adiro
2025 3482 2060 3543 ot
2090 3477 2162 3545 hinc

416 3576 671 3645 Thessalonicam
702 3582 810 3658 petere
841 3592 1039 3657 nequaquam
1071 3574 1241 3643 dubitaret.
1293 3572 1357 3641 Sed
1384 3590 1483 3655 quum
1514 3573 1547 3641 in
1575 3574 1680 3641 reditu
1706 3574 1893 3641 illustriores
1920 3577 2018 3643 moris
2044 3578 2163 3659 Aegaei

414 3678 537 3747 insulas
556 3681 793 3759 praeteruectus
813 3680 848 3741 et
867 3680 1057 3757 mmpestate
1074 3674 1217 3758 acutus
1238 3692 1308 3741 cum
1326 3674 1420 3739 sociis
1440 3672 1482 3741 ad
1495 3672 1624 3739 &mum
1643 3674 1819 3757 appelleret
1838 3674 1934 3757 torte,
1955 3675 1999 3743 ad
2020 3681 2163 3743 transtra
2221 3670 2224 3679 “

415 3780 449 3845 in
466 3776 645 3845 triremibus
666 3773 806 3841 Threicia
827 3772 1011 3856 damnatur,
1039 3780 1074 3841 et
1100 3774 1221 3857 aliquot
1247 3773 1323 3839 iuibi
1350 3772 1544 3855 septimanus
1567 3770 1741 3840 detinetur:
1774 3772 1929 3841 liberatur
1956 3778 2062 3841 umen
2090 3774 2162 3843 inde

415 3876 571 3959 singulari
588 3875 647 3941 Dei
667 3872 883 3939 ndsemcordia
904 3880 937 3939 et
959 3872 1132 3941 &manerii
1154 3874 1297 3957 inprimis
1314 3873 1414 3955 Regio
1435 3872 1563 3939 Oratorl
1582 3872 1703 3939 Gallico
1723 3872 1766 3939 ad
1785 3872 1916 3941 Portam
1930 3874 2161 3943 Ottumanicam

415 3996 436 4044 a
456 3975 594 4045 secretis
614 3992 720 4056 opera
764 3972 932 4041 coeterum
949 3966 1092 4041 emeritis
1111 3974 1233 4057 aliquot
1253 3974 1406 4040 mensium
1433 3972 1467 4039 iu
1488 3971 1584 4039 Creta
1611 3972 1715 4044 insula
1732 3972 1900 4055 stipendiis
1920 3992 2016 4057 quum
2036 3993 2093 4043 nec
2113 3975 2163 4045 hic

415 4078 569 4146 hominem
595 4074 758 4157 quiescere
787 4072 915 4140 sivisset
939 4079 1120 4143 exterarum
1153 4073 1319 4139 cadonum
1350 4072 1590 4139 lustrandarum
1621 4071 1732 4154 ardor,
1767 4072 1992 4141 Alexandriam
2019 4074 2163 4157 equidem

415 4176 552 4258 Aegypti
573 4174 676 4257 petiit
719 4170 782 4240 Sed
799 4178 905 4239 umen
925 4190 1021 4255 quum
1039 4173 1232 4256 expenderet
1252 4166 1345 4239 simul
1366 4170 1526 4239 ulterioris
1540 4171 1753 4255 navigationis
1768 4179 1801 4239 et
1812 4172 1950 4255 periculis
1965 4180 2164 4257 asumptus,

415 4274 616 4343 Palaestinae
636 4291 675 4341 ac
694 4272 806 4355 Syriae
826 4272 937 4339 littora
954 4273 1070 4339 radens
1091 4274 1316 4355 Famagustam
1334 4271 1431 4355 cypri
1458 4272 1599 4356 appulit,
1628 4278 1726 4355 atque
1750 4272 1907 4341 Nicosiam
1931 4274 2022 4357 regni
2048 4282 2163 4343 metro-

415 4376 512 4459 polim
538 4372 697 4457 proiectos
724 4370 810 4455 apud
829 4372 999 4438 Antonium
1028 4371 1070 4438 de
1088 4371 1183 4439 Avila
1202 4390 1358 4439 summum
1379 4370 1509 4439 militiae
1528 4370 1649 4439 Ducem
1675 4378 1772 4456 atque
1798 4373 2040 4455 magistratuum,
2069 4394 2162 4459 quem

417 4472 671 4542 Connestabilem
692 4472 804 4539 dicum
825 4470 939 4553 volgo,
958 4478 992 4537 ct
1012 4472 1135 4538 Heium
1153 4470 1408 4539 Podocatharnm
1427 4470 1521 4553 primi
1541 4471 1674 4538 nominis
1692 4472 1850 4539 monem
1871 4472 2023 4541 tredecim
2042 4492 2163 4543 menses

416 4575 521 4643 haesit
539 4578 575 4641 et
593 4570 821 4639 transferendis
841 4570 875 4637 in
895 4570 1037 4637 ltalicmn
1060 4570 1198 4655 Ιίιιριιμιιι
1216 4570 1405 4655 privilegiis,
1433 4588 1516 4653 quae
1537 4570 1658 4637 Gallico
1676 4571 1828 4639 idiomate
1849 4572 1974 4641 exoleto
1993 4592 2162 4657 pmrsusa

516 4748 546 4817 1)
564 4742 646 4800 lland
663 4757 763 4813 parona
778 4740 909 4799 librorum
926 4740 961 4798 ad
979 4742 1111 4800 medicam
1127 4742 1244 4799 maxiem
1260 4749 1347 4800 artem
1363 4744 1546 4813 spectantium
1563 4742 1645 4801 index
1665 4758 1683 4799 a
1698 4742 1839 4801 Striedero
1862 4742 1986 4817 efferim,
2012 4746 2041 4803 in
2064 4747 2163 4818 qulbus

417 4830 628 4901 chiromantiae‚
653 4828 831 4899 ustrologiae,
855 4831 1024 4899 magnericus
1047 4830 1316 4901 sympatbetleaeqoe
1339 4828 1474 4884 curadonl
1497 4828 1644 4898 numanae
1668 4829 1727 4885 lere
1748 4836 1842 4900 partes
1867 4830 2029 4889 tribuuntur.
2063 4832 2108 4889 Slc
2127 4832 2162 4891 ad

416 4917 632 4989 inaugurandum
649 4916 814 4987 professoris
831 4932 929 4973 manus
939 4933 964 4971 a
978 4920 1047 4973 1608
1058 4916 1207 4973 undenum
1217 4916 1326 4987 habult,
1344 4930 1400 4984 qua
1417 4914 1576 4984 defenditur
1592 4916 1693 4972 malm
1710 4932 1766 4972 aua
1783 4918 1926 4989 applicato
1943 4921 2026 4975 ιιὶμμ
2042 4918 2162 4977 emedio

416 5010 490 5065 eitra
506 5006 594 5060 alluat
619 5002 741 5058 dulmen
762 5004 858 5058 curari
879 5004 1049 5060 naturaliter
1067 5020 1165 5075 ρωεμ,
1191 5004 1219 5059 εἱ
1240 5004 1451 5059 mmmm
1474 5006 1582 5059 tmen
1602 5004 1646 5059 ael
1673 5003 1756 5059 telasa
1777 5005 1851 5075 quod
1875 5006 2013 5062 melum
2035 5024 2084 5062 seo
2108 5024 2162 5079 quo

416 5094 518 5152 υείω
536 5098 577 5147 cat
593 5091 897 5161 intemperatior·
912 5098 1051 5161 εμρεεμω
1068 5092 1211 5147 iamiam
1229 5090 1371 5159 obligetur.

520 5178 551 5247 2)
568 5176 625 5231 llil.
642 5177 714 5233 hanc
732 5176 887 5232 uberiorem
903 5177 1089 5236 ommonem
1104 5176 1231 5233 Ιιιιιεὶεω
1250 5184 1326 5244 patet
1342 5190 1359 5231 e
1376 5173 1472 5231 libello
1492 5172 1529 5229 ab
1545 5174 1606 5245 ipso
1624 5176 1887 5247 holocotaumata,
1912 5193 1993 5247 quem
2010 5179 2161 5250 inscripsit:

418 5264 558 5321 Catbarioi
582 5262 679 5319 Dulcia
707 5262 860 5331 linguarum
893 5262 1061 5319 raeticarum
1090 5263 1119 5319 in
1142 5261 1292 5319 Academia
1311 5258 1504 5331 blarpnrgensi
1528 5262 1694 5334 professoris
1726 5264 1800 5319 ritae
1830 5263 1959 5321 curriculi
1990 5265 2161 5325 breuiarium.

418 5350 506 5422 hiep.
522 5350 590 5407 cua
620 5352 694 5405 roes.
719 5351 760 5404 ra
1641 5336 1644 5343 ’

517 5436 548 5506 3)
566 5435 659 5505 lunago
675 5434 780 5491 Dulcia.

1929 5540 1990 5604 lt*
