5534 6984
622 800 691 871 106

620 991 748 1070 collegio
776 990 993 1069 sustinuisset,
1025 1007 1130 1054 omnes
1159 990 1320 1055 molestias
1352 992 1517 1073 diligentia
1548 999 1581 1058 et
1611 991 1799 1057 assiduitate
1833 1000 2023 1075 superasset.
2076 996 2206 1078 Reipub.
2236 1018 2361 1084 quoque

619 1089 824 1155 lademicae
846 1089 996 1155 tractavit
1010 1089 1222 1169 gubernacula
1239 1091 1354 1155 Rector
1371 1097 1404 1158 et
1418 1092 1537 1158 Decani
1556 1108 1667 1156 munus
1688 1090 1921 1158 administravit
1940 1094 2050 1159 series.
2092 1096 2247 1163 Defuncto
2266 1099 2360 1165 funus

619 1189 738 1255 iactum
758 1188 867 1254 XXIII
887 1189 1022 1269 Augusti
1032 1190 1061 1271 ¹)
1090 1189 1242 1255 cadavere
1267 1190 1299 1253 in
1322 1193 1507 1257 coemeterio
1529 1191 1699 1272 superioris
1722 1192 1832 1274 templi
1861 1193 1901 1258 ad
1927 1193 2063 1275 ejusdem
2091 1195 2200 1262 valvas
2226 1200 2359 1264 condito.

618 1289 758 1354 Labores
778 1294 811 1353 et
831 1307 959 1370 munus,
988 1288 1072 1371 quod
1100 1289 1153 1353 ille
1180 1290 1212 1353 in
1241 1290 1414 1355 erudienda
1440 1296 1473 1355 et
1494 1290 1699 1369 gubernanda
1722 1290 1905 1373 juventute,
1937 1310 2017 1374 quae
2038 1293 2190 1376 Principis
2213 1296 2359 1378 impensis

619 1388 731 1469 alitur,
753 1389 962 1469 sustinuerat,
984 1390 1105 1471 excepit
1125 1388 1277 1454 Henricus
1299 1390 1409 1454 Viator
1430 1390 1676 1470 Fridbergensis.
1720 1391 1882 1473 Rodolpho
1904 1398 2010 1459 autem
2036 1393 2093 1459 hoc
2115 1394 2277 1477 Pagonus:

1101 1489 1203 1557 Aspice
1220 1489 1344 1557 defuncti
1362 1490 1503 1557 spirantia
1519 1490 1637 1543 memma
1654 1489 1804 1559 Rodolpbi,

1140 1574 1255 1644 Qualia,
1272 1574 1337 1628 dum
1355 1576 1429 1629 uitae
1449 1578 1492 1629 vis
1510 1579 1674 1645 superesset,
1694 1581 1779 1629 eraut.

1105 1662 1232 1715 Testatur
1250 1668 1369 1730 nepetam
1383 1662 1477 1729 socies
1493 1662 1604 1715 heroica
1621 1668 1741 1727 mentem,

1140 1746 1215 1816 Quae
1233 1746 1309 1801 dedit
1327 1747 1404 1800 baud
1422 1748 1480 1801 ulio
1499 1748 1574 1802 victa
1592 1748 1685 1801 labore
1702 1762 1793 1802 mauu.

1102 1833 1180 1886 Dum
1198 1832 1299 1888 Sacrae
1317 1833 1419 1887 studiis
1438 1836 1560 1889 exercuit
1576 1834 1693 1903 impiper
1710 1840 1792 1899 artes,

1092 1981 1098 1994 Ι
1135 1919 1211 1972 Mra
1228 1920 1299 1973 eires
1317 1922 1391 1975 curas
1403 1920 1471 1989 fata
1488 1918 1585 1973 dedere
1599 1923 1730 1989 pares.²)

1101 2004 1140 2058 At
1150 2020 1222 2059 auae
1234 2006 1380 2073 coelestum,
1397 2022 1478 2076 quam
1488 2022 1593 2076 seraper
1606 2007 1718 2071 amauit,
1734 2006 1771 2062 ad
1784 2008 1877 2063 aulam

1139 2091 1263 2145 Transiit
1282 2092 1401 2160 etfama
1419 2092 1525 2147 uindice
1541 2093 1609 2146 oioit
1627 2094 1710 2147 bumi.

618 2186 758 2268 Reliquit
786 2184 1001 2250 Dialecticom
1038 2190 1166 2248 auctam
1200 2192 1230 2251 et
1261 2187 1455 2270 recopmitnm
1491 2206 1560 2251 cum
1594 2185 1713 2251 tabuiis
1752 2188 1891 2253 omnium
1918 2188 2118 2256 Dialecticae
2149 2194 2296 2271 portium
2328 2198 2357 2257 ct

618 2287 850 2351 Arruotatioues
871 2286 907 2348 iu
929 2283 1029 2348 libros
1049 2282 1213 2366 Rodolpbi
1232 2284 1406 2369 Apricoloe
1427 2286 1466 2351 oie
1485 2285 1676 2351 Irsoeutiouc.

1243 2516 1408 2582 Ioannes
1434 2517 1732 2599 Glandorpius⁸l

715 2648 970 2713 Monasteriensis
984 2645 1189 2728 Westphalus
1210 2646 1304 2713 homo
1324 2648 1364 2712 ad
1385 2648 1608 2714 instituendam
1625 2649 1823 2730 juventutem
1844 2652 1978 2713 naturae
1994 2650 2172 2715 muneribus
2185 2651 2231 2715 ita
2246 2650 2357 2717 habilis

618 2753 650 2813 et
671 2756 777 2830 aptus,
805 2753 842 2813 ut
862 2766 931 2812 eam
951 2746 990 2810 ad
1011 2764 1077 2811 rem
1099 2763 1163 2810 non
1181 2751 1291 2827 natuS,
1321 2748 1376 2811 scd
1397 2749 1494 2813 ueluti
1514 2768 1533 2813 a
1556 2749 1623 2813 Deo
1652 2748 1745 2813 fictus
1774 2747 1948 2829 videretur,
1977 2768 2105 2831 operam
2126 2768 2247 2832 quoque
2268 2769 2356 2816 suam

616 2850 697 2935 iuter
718 2848 795 2913 alios
817 2846 890 2913 huic
912 2846 1096 2912 Academiae
1114 2846 1215 2910 instar
1235 2847 1360 2911 Atticae
1382 2848 1490 2911 Musae
1512 2848 1544 2911 in
1566 2846 1715 2927 historiis,
1740 2847 1889 2912 orationis
1911 2866 2025 2929 genere
2046 2849 2114 2915 fuso
2137 2855 2234 2932 atquc
2256 2856 2356 2917 tracto
2411 2929 2413 2932 ¹

616 2954 649 3013 ct
670 2967 740 3013 cum
760 2948 890 3013 lenibate
908 2947 1043 3029 quadam
1065 2945 1219 3028 aequabili
1239 2946 1415 3027 profluente
1438 2947 1627 3028 explicandis
1647 2946 1870 3029 commodavit,
1897 2948 1934 3014 de
1955 2949 2040 3031 cujus
2062 2950 2120 3014 viri
2142 2950 2286 3015 laudibus
2306 2951 2355 3015 lric

617 3047 740 3128 quidem
761 3048 865 3112 dicere
892 3047 936 3111 nil
964 3047 1089 3112 attinet.
1136 3044 1218 3110 Nam
1244 3045 1335 3111 homo
1363 3049 1390 3112 is
1421 3047 1705 3128 eloquentissimus
1737 3046 1827 3128 cujus
1859 3048 1891 3111 in
1921 3048 2019 3113 labris
2049 3068 2111 3114 uon
2141 3050 2234 3115 alitor
2262 3055 2355 3133 atque

616 3146 745 3211 Periclis
775 3148 922 3212 sessitare
949 3145 1115 3211 videbatur
1137 3146 1248 3208 πειθώ
1279 3155 1311 3211 et
1340 3147 1393 3227 qui
1419 3148 1502 3210 inter
1529 3150 1638 3227 poetas
1668 3164 1703 3209 eo
1731 3145 1797 3209 lere
1827 3147 1930 3212 seculo
1960 3148 2094 3213 ducebat
2119 3148 2283 3231 lamilIam,
2316 3150 2355 3214 ab

616 3248 699 3310 omni
720 3246 815 3310 laude
836 3252 884 3311 est
905 3245 1037 3325 felicior,
1068 3235 1162 3326 quarn
1183 3250 1218 3310 ut
1239 3265 1258 3309 a
1279 3246 1368 3309 uobis
1390 3245 1511 3310 laudari
1541 3250 1599 3309 aut
1626 3246 1726 3325 possit
1755 3251 1812 3310 aut
1832 3246 1956 3311 debeat.
1999 3247 2107 3313 Vnum
2132 3268 2206 3313 sane
2226 3251 2356 3332 ejusque

616 3346 648 3410 in
669 3346 860 3411 instituenda
878 3346 1044 3428 juventute
1065 3345 1252 3409 industriam
1281 3351 1313 3409 ct
1336 3346 1476 3410 studium
1499 3345 1585 3408 uouit
1606 3344 1759 3425 saxonia,
1790 3346 1877 3411 novit
1899 3347 2109 3428 Westphalia,
2136 3349 2355 3431 Brunsvigum,

615 3445 780 3526 Susatum,
811 3446 972 3525 Goslaria,
1006 3445 1182 3509 Hervordia
1213 3452 1382 3525 noverunt,
1422 3445 1473 3510 ubi
1502 3443 1675 3509 literarium
1702 3444 1815 3524 pubem
1847 3446 1990 3511 doctrina
2022 3454 2055 3512 et
2083 3448 2245 3530 disciplina
2275 3451 2355 3515 rexit
2461 3477 2466 3485 ·

616 3545 870 3629 Gymnasiarcha.
912 3547 1009 3612 Recte
1031 3546 1138 3626 itaque
1157 3545 1196 3607 de
1212 3563 1248 3609 eo
1271 3545 1414 3626 Nigidius

1098 3643 1220 3712 Corpore
1236 3644 1326 3699 odiam
1343 3651 1435 3713 cepeto
1451 3645 1599 3711 scriptores
1617 3642 1740 3696 noluerat
1758 3658 1856 3707 omues,

1132 3731 1255 3783 Pieriam
1272 3747 1380 3784 carasca
1396 3745 1516 3799 paupera
1535 3728 1630 3783 doctus
1649 3735 1714 3781 arat.

1097 3815 1212 3869 Pallida
1229 3832 1302 3869 alors
1321 3833 1405 3869 ostrea
1423 3832 1493 3882 qliae
1511 3813 1620 3867 denaetit
1637 3815 1729 3868 omitia
1739 3815 1823 3883 falce,

1130 3901 1234 3954 Debuit
1250 3904 1313 3955 huic
1330 3918 1396 3955 sarae
1411 3917 1527 3969 parcere
1544 3917 1627 3953 saeua
1644 3902 1711 3954 siro.

1097 3987 1150 4041 Sed
1166 3989 1237 4041 uselli
1253 3988 1372 4053 Parcus,
1390 3986 1513 4041 irridebo
1528 3988 1652 4051 nuntium,
1669 3990 1797 4054 pareunt,

1133 4073 1282 4128 Obseruaut
1298 4081 1412 4139 certum,
1431 4090 1507 4142 quem
1526 4079 1646 4127 statuere
1665 4072 1742 4125 diersa.

615 4155 807 4222 Hervordiae
828 4162 933 4223 autem
954 4157 1060 4222 vivere
1080 4158 1173 4226 desiit
1194 4179 1276 4225 anno
1292 4160 1348 4225 Ch.
1362 4159 1571 4241 munuum)
1595 4158 1710 4239 optime
1729 4156 1769 4221 do
1785 4174 1819 4220 re
1834 4156 1974 4220 literaria
1989 4160 2021 4218 ct
2037 4154 2175 4236 inprimis
2187 4157 2352 4236 Juvcntutc

614 4257 761 4337 meritus,
783 4256 956 4341 ibidemque
978 4258 1118 4339 sepultus
1141 4264 1175 4325 et
1195 4259 1235 4324 ab
1257 4260 1392 4326 Henrico
1414 4259 1525 4325 Sibaeo
1548 4256 1743 4339 Olphenio⁵)
1765 4256 1915 4338 ejusmodi
1938 4253 2106 4336 Epitaphio
2130 4261 2267 4320 ornatus.

1096 4359 1197 4413 Lector
1211 4376 1307 4415 amaras
1327 4359 1464 4415 Obristum
1483 4359 1563 4413 cubat
1581 4359 1624 4411 bic
1643 4356 1834 4425 Glaudorpius
1852 4356 1899 4409 iiic

1128 4445 1275 4499 Musarum
1292 4447 1382 4501 cultor
1397 4445 1593 4513 Pieridumque
1612 4444 1701 4509 decus,

1064 4562 1067 4567 -
1097 4530 1181 4599 Quem
1196 4549 1336 4603 uunquam
1356 4534 1447 4586 uiuum
1465 4532 1614 4587 Germania
1631 4536 1689 4584 tota
1703 4527 1857 4597 prehendit,

1127 4618 1296 4685 Defunctum
1315 4620 1434 4673 turranius
1453 4620 1572 4673 coutiuct
1591 4617 1713 4685 exipsius.

1096 4702 1231 4772 Gloriaque
1248 4722 1325 4773 quem
1340 4706 1426 4774 parui
1440 4706 1511 4771 fecit
1528 4702 1687 4756 Heluordia
1705 4703 1800 4765 uisum,

1128 4790 1259 4844 Mortuus
1277 4793 1321 4845 bic
1340 4792 1383 4843 illi
1400 4792 1491 4860 picria
1509 4804 1615 4857 semper
1637 4789 1696 4841 erit.

712 4916 740 4982 l)
757 4916 836 4970 lluna
853 4915 942 4971 obitus
961 4915 1032 4971 diem
1049 4923 1162 4972 testatur
1179 4917 1279 4971 Album
1299 4916 1375 4972 acad.
1488 4917 1516 4983 2)
1535 4915 1626 4982 lmngo
1642 4912 1788 4985 Rudolplri,

710 5003 739 5069 3)
758 5000 915 5071 Glandorpii
939 5002 1021 5055 vitam
1041 5004 1149 5073 scripsit
1166 5003 1243 5058 Reiu.
1263 5004 1423 5059 Reiueccius
1446 5001 1563 5055 additam
1587 4999 1658 5054 libro
1683 5000 1717 5054 de
1740 5000 1778 5054 Μ.
1804 5002 1835 5056 Τ.
1854 5000 1992 5055 Ciceronis
2010 5005 2095 5053 morte
2119 5008 2148 5054 et
2171 5004 2348 5066 monumento,

612 5087 725 5142 Helmst.
751 5089 825 5143 1589.
848 5088 873 5141 8.
914 5087 1047 5142 Pistorius
1071 5104 1133 5144 eum
1155 5089 1217 5144 ciro.
1242 5105 1266 5143 a.
1293 5092 1359 5143 1540
1383 5087 1560 5155 Morburgum
1579 5087 1697 5157 venisse,
1730 5088 1793 5143 circ.
1815 5086 1880 5140 1543
1910 5084 2068 5141 discessisse
2090 5086 2186 5151 tradit,
2212 5084 2348 5140 Suiedero

612 5174 784 5228 verisimilius
801 5174 888 5228 meum
905 5179 947 5229 est
964 5189 1025 5228 eum
1041 5176 1148 5231 venisse
1164 5191 1187 5231 a.
1207 5178 1280 5244 1534,
1299 5190 1378 5244 qnam
1397 5174 1549 5243 opinionem
1568 5173 1708 5228 confirmat
1725 5173 1826 5228 Album
1843 5171 1926 5242 acad,
1947 5172 2047 5226 abiisse
2065 5173 2138 5227 1536.

709 5260 739 5327 l)
756 5260 834 5314 Hunc
853 5274 951 5314 annum
966 5274 982 5314 e
1000 5260 1109 5328 Nigidio
1127 5261 1224 5319 sumsit
1242 5261 1310 5332 nil,
1337 5262 1380 5319 cui
1399 5260 1532 5319 Pistoriae
1559 5259 1630 5317 diem
1655 5259 1730 5314 addit
1749 5259 1836 5313 XXII.
1856 5275 1889 5313 m.
1908 5258 2003 5323 Febr.;
2033 5258 2147 5313 eundem
2170 5254 2241 5310 mem
2266 5252 2347 5309 babet

613 5362 682 5404 auno
700 5345 728 5400 in
747 5348 814 5399 1664
832 5350 933 5400 mutato
951 5344 1079 5405 Strieder.

709 5432 739 5500 5)
756 5431 845 5487 Locus
863 5431 995 5501 imaginis.
