5534 6984
2121 886 2167 955 63

425 1094 634 1177 caeteroquin
646 1105 723 1159 non
747 1092 834 1159 illum
863 1090 962 1171 magn
982 1086 1265 1164 Jumeonsultum,
1294 1103 1389 1167 quam
1414 1086 1558 1167 justitiae
1580 1088 1694 1167 multa,
1726 1104 1824 1171 eaque
1845 1089 2011 1171 praeclaro
2030 1108 2173 1173 prorsus,

424 1200 628 1263 monumenta
645 1192 687 1259 ad
707 1210 830 1259 omnem
851 1189 1030 1255 memoriam
1053 1184 1322 1254 commendabunt.
1364 1185 1511 1266 Inprimis
1533 1202 1607 1250 vero
1627 1186 1723 1253 Jerls
1739 1187 1853 1254 Civilia
1874 1190 2052 1269 andedam,
2075 1208 2171 1273 quam

424 1294 660 1363 accuratissima
682 1292 844 1373 diligentia
864 1286 1051 1367 conseripsit
1068 1285 1128 1367 ita,
1148 1290 1185 1351 ut
1205 1284 1305 1351 exteri
1322 1286 1418 1350 etiam
1438 1282 1525 1365 hino,
1556 1284 1643 1349 velut
1664 1304 1702 1351 ex
1724 1304 1829 1367 ungue
1848 1289 1986 1369 leonem,
2015 1288 2169 1357 hominem

425 1396 528 1477 ipsum
548 1394 733 1472 aesdnmnt,
753 1390 948 1456 admirentur
969 1391 1003 1451 et
1025 1385 1209 1465 suspiciant.
1258 1384 1366 1465 Neque
1388 1384 1507 1453 abeunt
1527 1382 1655 1467 reliqui,
1677 1385 1789 1467 quibus
1802 1390 1830 1467 ¹)
1855 1406 1912 1470 ea,
1945 1406 2025 1471 quae
2048 1390 2170 1472 injure

427 1494 518 1561 Civili
535 1490 687 1575 perplexa
707 1496 782 1556 sunt
800 1494 896 1569 atque
917 1486 1067 1565 obscura,
1085 1484 1247 1549 distrinxit
1266 1489 1300 1549 et
1318 1484 1506 1563 illustravit,
1538 1482 1610 1551 libri
1637 1490 1670 1550 et
1692 1488 1924 1554 commentaria.
1967 1488 2047 1555 Cum
2065 1494 2170 1557 autern
2224 1477 2228 1489 '

423 1596 496 1676 jnra
524 1591 636 1659 Civilia
662 1588 784 1673 publice
815 1587 975 1653 docuisset
1000 1584 1135 1651 xxxlv
1165 1584 1257 1649 annm
1296 1589 1330 1648 et
1365 1583 1446 1665 jnris
1477 1582 1515 1649 U.
1544 1584 1699 1651 Doctores
1727 1586 1900 1653 octodecim
1936 1588 2072 1671 itemque
2105 1595 2171 1655 tres

427 1693 623 1759 licentiatos
642 1687 874 1767 renunciasset,
905 1686 984 1752 rude
1006 1684 1139 1749 donatus
1167 1683 1256 1763 est¹)
1284 1682 1440 1763 stipendio
1469 1684 1590 1765 integro
1614 1684 1793 1767 Principum
1820 1686 1912 1767 jussn
1932 1688 2032 1753 eidem
2053 1687 2171 1769 relicto,

427 1798 460 1859 et
478 1796 684 1875 posteaquam
704 1786 764 1852 VII
785 1786 904 1869 Aprilis
923 1787 1014 1851 Anno
1034 1782 1197 1849 llelCIV
1218 1780 1410 1865 professione
1435 1783 1579 1863 abiisset,
1604 1784 1749 1865 privatus
1777 1784 1924 1867 deinceps
1952 1786 2044 1867 vixit,
2073 1786 2171 1853 donee

428 1889 606 1975 podagricis
627 1886 682 1953 diu
700 1891 878 1952 maceratus
900 1884 1062 1951 doloribus
1082 1883 1113 1949 x
1133 1880 1210 1947 Julii
1232 1900 1316 1948 anno
1335 1881 1425 1948 MDO
1447 1883 1507 1949 hae
1536 1884 1605 1965 ipsa
1630 1884 1663 1949 iu
1690 1884 1768 1950 urbe
1788 1902 1827 1949 ex
1845 1886 1908 1951 ista
1931 1886 1997 1951 vita
2020 1891 2170 1969 tanquam

430 2010 470 2059 ex
490 1988 644 2071 hospitio,
671 2004 733 2053 non
757 1992 909 2067 tanquam
929 2002 947 2051 e
969 1984 1062 2049 domo
1083 1982 1229 2047 discessit
1255 1982 1289 2047 in
1315 1982 1432 2064 templo
1461 2000 1581 2049 summo
1602 1984 1775 2050 tumulatus
1798 1985 2036 2067 septuagenario
2057 1986 2171 2067 major:

430 2088 616 2157 Germaniae
642 2085 762 2164 lumen,
792 2083 926 2151 Hassioe
951 2082 1053 2149 decus.
1107 2081 1220 2162 Vigclii
1249 2082 1367 2165 scripta
1396 2090 1524 2165 praeter
1546 2085 1639 2165 juris
1668 2084 1846 2151 mellendum
1877 2090 1950 2151 sunt
1971 2084 2068 2151 Jnrio
2091 2084 2171 2151 Corr-

431 2189 589 2256 snllorum
610 2186 792 2265 enomere').

1067 2426 1300 2493 Hermaunns
1325 2428 1540 2495 Lersnerus
1580 2454 1585 2467 ·

1195 2543 1409 2615 Marpnrgensis.

530 2672 654 2737 Docere
670 2661 772 2751 coepit
793 2686 876 2733 anno
898 2666 1064 2733 MDLXIV
1091 2666 1209 2749 Aprilis
1231 2666 1292 2733 All
1319 2668 1368 2733 uir
1395 2686 1526 2750 prorsus
1558 2670 1703 2751 egregius
1731 2670 1876 2753 omnique
1907 2670 2034 2737 virtutis
2059 2688 2173 2753 genere

433 2772 639 2853 clarissimus,
662 2770 694 2835 in
714 2786 777 2850 quo
798 2768 937 2847 nescias,
960 2773 1069 2833 utrum
1090 2768 1206 2849 ingenii
1221 2784 1404 2849 morumque
1417 2768 1607 2835 suavitatem
1621 2769 1734 2835 mirere
1747 2772 1864 2853 megia,
1884 2788 1925 2835 an
1947 2769 2032 2837 tastu
2054 2776 2172 2837 remoto

433 2872 630 2955 gaviniano.
672 2868 781 2934 Tertia
810 2868 838 2933 is
866 2867 932 2931 viee
957 2866 1144 2933 Academiae
1170 2866 1293 2933 clavum
1323 2868 1425 2933 lenuit
1447 2868 1685 2935 Procnnoellarii
1717 2870 1813 2935 etiam
1843 2888 1894 2937 an.
1915 2868 2113 2937 MDLXXIX
2134 2869 2175 2937 ab

435 2972 524 3038 obitu
544 2969 652 3054 patrui
672 2967 784 3035 Jacobi
799 2964 946 3032 Lersueri
962 2966 1119 3048 dignitate
1136 2970 1246 3034 anctus
1259 2972 1292 3032 et
1305 2966 1365 3033 ΡΡ.
1382 2968 1475 3049 jussu
1494 2986 1599 3035 mense
1614 2968 1730 3035 Martio
1751 2970 1981 3053 aproprinoipe
1991 2969 2176 3038 Burchnrdo

434 3069 570 3135 acram
596 3074 723 3135 astante
750 3066 965 3151 professorum
990 3066 1128 3133 omnim
1160 3071 1315 3151 ooroua‘)
1346 3067 1566 3150 proclamatus.
1617 3068 1756 3135 Tandem
1793 3068 1833 3135 ob
1867 3069 1994 3152 longum
2022 3086 2176 3137 annorum

434 3170 548 3237 seriem
573 3168 674 3252 impar
702 3166 894 3233 sustinendis
922 3164 1057 3249 amplios
1084 3165 1269 3232 Academiae
1298 3167 1444 3233 oneribus
1474 3168 1553 3235 rude
1587 3169 1628 3237 ab
1656 3168 1829 3237 Hessomm
1856 3168 2001 3253 Principe
2028 3170 2176 3239 Mauritio

434 3268 584 3335 MDXCV
605 3286 687 3333 nuno
708 3266 864 3350 stipendio
885 3266 996 3333 relicto
1014 3266 1138 3347 integro
1159 3266 1292 3332 donatus
1310 3266 1352 3331 ad
1371 3267 1457 3333 ritae
1479 3266 1560 3349 dies,
1583 3273 1718 3335 naturae
1739 3270 1883 3336 concedit
1903 3269 2121 3351 Lengsfeldlae
2143 3275 2177 3337 et

435 3370 468 3435 in
478 3366 668 3451 parrochiali
678 3366 794 3449 templo
804 3364 1018 3432 Hersleldensi
1032 3366 1184 3447 sepelitur
1194 3365 1463 3431 XXINovembris
1473 3368 1502 3449 ⁸)
1523 3384 1604 3433 anno
1615 3366 1784 3435 MDCXIII
1795 3386 1911 3436 anuum
1926 3386 2024 3451 agens
2035 3370 2176 3437 LXXIX.

436 3468 485 3536 De
505 3468 693 3535 Hennaeae
721 3483 796 3531 vero
818 3465 976 3532 sereneo
1005 3464 1050 3531 sic
1077 3464 1250 3531 Fabronius
1279 3472 1516 3546 anagrammate
1544 3467 1679 3549 quodam
1701 3468 1823 3551 poetioe
1844 3469 2015 3551 judicavit:
2050 3468 2176 3551 MENS,

436 3567 645 3637 mannus
666 3564 846 3633 unusne:
874 3584 913 3629 ex
933 3582 997 3646 quo
1017 3563 1175 3645 emptor
1194 3563 1456 3631 nnnumuus
1479 3564 1732 3633 pessumus
1760 3567 1790 3635 n.
1812 3567 1850 3635 n.
1872 3568 1910 3635 o.
1924 3569 1953 3652 ο)

920 3662 1001 3717 Mens
1014 3678 1147 3733 gemmoso
1163 3662 1251 3718 bursa
1267 3664 1373 3719 homini
1390 3666 1439 3719 and
1458 3664 1540 3721 corde
1558 3666 1673 3722 emendo

960 3748 1061 3803 Nodsle
1078 3748 1201 3818 memficl
1216 3766 1315 3805 mamea
1330 3750 1366 3805 ab
1383 3766 1446 3807 erce
1464 3752 1520 3807 Dei

921 3836 1002 3890 Mosa
1019 3834 1134 3891 Μιτω
1150 3835 1252 3890 virides
1264 3837 1417 3906 floremque
1431 3828 1567 3909 per'emor
1583 3840 1696 3897 manili

956 3920 1081 3992 Ingenua
1090 3921 1209 3990 frondea
1225 3937 1282 3978 non
1295 3924 1428 3993 posituro
1444 3940 1518 3981 anea.

1106 4132 1304 4213 Regnerus
1332 4132 1506 4202 Sirtinus

1248 4248 1277 4305 J.
1295 4250 1328 4307 U.
1346 4251 1382 4307 D.

539 4376 675 4441 Natione
688 4374 807 4455 Priene,
826 4372 1006 4439 Leovardla
1021 4370 1182 4453 oriundus,
1202 4371 1385 4454 parentibus
1405 4377 1494 4439 satus
1508 4372 1784 4456 Nicolaollegneri
1801 4374 1954 4443 etWitzia
1967 4377 2008 4445 ab
2021 4378 2178 4461 Hettoma,

441 4475 570 4559 puerilis
588 4474 763 4542 doctrinae
795 4472 885 4539 initia
921 4472 954 4537 in
989 4472 1094 4554 patria
1127 4472 1280 4553 primum,
1323 4470 1435 4537 deiude
1464 4471 1668 4539 Bolsvardiae
1703 4474 1818 4557 posuit.
1872 4476 2074 4545 Postmodum
2109 4498 2179 4546 curn

442 4574 669 4643 adolescentiae
690 4574 849 4655 ingressus
867 4588 967 4637 annos
988 4570 1150 4637 literanum
1162 4572 1328 4655 praecipue
1347 4590 1456 4638 amore
1472 4574 1641 4639 exarsisset
1658 4574 1761 4641 acrius
1775 4572 1943 4644 domestico
1956 4580 2063 4659 patrui
2075 4580 2180 4663 magni

442 4674 575 4741 loannis
594 4673 709 4741 Sixtini
727 4672 787 4739 leti
806 4672 840 4737 in
854 4669 969 4752 Anglia
981 4671 1047 4737 vita
1061 4669 1212 4751 defuncti,
1230 4672 1288 4753 qni
1304 4670 1510 4739 adolescentis
1525 4674 1632 4741 studia
1654 4673 1759 4757 legato
1775 4676 1869 4743 etiam
1886 4677 2020 4761 juverat,
2039 4679 2180 4761 exemplo

543 4909 572 4978 1)
590 4906 683 4976 Imago
700 4906 809 4976 Vigelii.

542 4994 573 5064 2)
590 4992 645 5049 Dil
663 4992 773 5050 silentio
792 4994 893 5063 premit
911 5008 1022 5050 cansam
1038 4992 1176 5050 nimionis
1189 4994 1218 5049 in
1230 4992 1301 5049 libro
1318 4994 1458 5063 avigelio
1470 4994 1544 5053 edito
1560 4994 1691 5068 positam,
1709 4998 1754 5055 oui
1771 4996 1881 5055 titulum
1899 4998 2038 5071 mserlpslt
2053 5002 2180 5059 Examen

444 5080 808 5147 nominandorum
828 5080 964 5137 iniiernn
981 5079 1124 5151 Volteium
1140 5078 1264 5151 aliosque
1281 5078 1413 5137 diewnm
1430 5081 1521 5151 pleno.
1556 5080 1617 5151 Qua
1640 5081 1675 5139 de
1698 5098 1729 5141 re
1751 5082 1873 5141 Strleder
1894 5084 1974 5155 ΠΙ,
2008 5102 2034 5157 p.
2053 5090 2104 5143 323
2122 5104 2179 5159 sqq.

444 5167 525 5237 plura
541 5164 623 5222 edera
640 5180 701 5220 cum
719 5164 792 5221 Albo
810 5165 966 5223 academico
981 5166 1188 5222 consentientia

543 5252 573 5321 a)
590 5250 656 5306 Alia
671 5266 725 5306 non
742 5248 889 5324 monutnr,
906 5251 956 5308 aed
971 5250 1092 5323 spatium
1109 5266 1223 5307 raounm
1240 5254 1337 5307 aaut

541 5338 573 5408 4)
590 5337 681 5393 noem
697 5336 830 5405 magnis

543 5426 573 5493 5)
593 5424 636 5479 De
652 5436 780 5493 suprema
796 5421 841 5477 die
858 5420 966 5480 dismas
982 5428 1092 5479 entant
1105 5422 1281 5488 testimonias
1293 5422 1328 5479 et.
1346 5422 1471 5482 Snieder
1489 5424 1557 5499 vn,
1577 5440 1603 5495 p.
1621 5426 1679 5485 508.

544 5510 575 5579 6)
593 5508 629 5565 ln
643 5509 792 5567 carminum
808 5508 944 5566 volumine
961 5508 1119 5567 Cmsollano
1137 5508 1207 5567 laec
1223 5524 1278 5567 non
1293 5510 1474 5581 reponuntur.
