5534 6984
1150 1982 1420 2060 MEDICINAE
1452 1980 1792 2058 PROFESSORES.

1287 2197 1433 2262 Ericius
1459 2196 1650 2277 Cordus1).

705 2327 892 2395 Simesbusio
919 2345 1001 2409 pago
1032 2328 1065 2392 in
1093 2328 1295 2395 Pnaelectura
1321 2331 1564 2413 Battenbergica
1599 2330 1640 2395 ad
1667 2330 1835 2396 Bestavam
1864 2321 2028 2407 fluentum,
2064 2327 2189 2392 dimidio
2217 2327 2342 2392 milliari

608 2428 791 2495 Germanico
812 2448 833 2493 a
853 2428 1001 2493 Wetteris
1021 2428 1194 2494 Hessomm
1228 2431 1395 2512 oriundus,
1428 2431 1610 2513 parentibus
1638 2430 1764 2512 quidem
1794 2428 1917 2493 infimae
1944 2427 2129 2493 conditionis
2156 2427 2342 2508 hominibus,

607 2528 747 2594 honestis
769 2534 884 2608 tamen,
906 2531 940 2591 et
956 2527 1064 2592 liberis
1085 2528 1150 2593 suis
1171 2536 1256 2594 recte
1277 2530 1449 2595 educandis
1462 2548 1613 2611 perquam
1628 2530 1805 2607 solicitis2).
1850 2527 2057 2607 caeteroquin
2075 2527 2235 2592 excellenti
2248 2528 2343 2608 plane

607 2628 668 2693 luit
687 2630 806 2708 animo,
826 2628 944 2692 virtute
964 2644 1002 2692 ae
1021 2626 1179 2709 doctrina,
1197 2635 1311 2711 poeta,
1339 2630 1367 2694 si
1390 2631 1459 2710 quis
1480 2630 1574 2711 aliua,
1596 2626 1755 2711 egregiae,
1776 2634 1812 2694 ut
1834 2634 1949 2693 natura
1969 2628 2038 2708 ipsa
2058 2626 2208 2705 ualuisse,
2231 2627 2343 2691 mentis

606 2728 725 2793 viribus
754 2727 921 2808 excitatus,
956 2732 988 2791 et
1010 2728 1093 2809 quod
1121 2727 1246 2793 Platoni
1274 2729 1313 2793 de
1334 2730 1440 2793 Poetis
1468 2729 1587 2811 placuit
1612 2729 1750 2808 eximiis,
1781 2729 1884 2793 divino
1910 2727 2046 2809 quodam
2072 2727 2186 2807 spiritu
2216 2724 2342 2791 afflatus

607 2828 703 2894 luisse
724 2826 876 2892 videatur.
917 2826 982 2891 Nec
1003 2826 1159 2892 eruditum
1180 2831 1302 2892 tantum
1322 2829 1406 2893 huuc
1428 2834 1496 2895 tum
1518 2828 1601 2909 alibi,
1625 2834 1691 2893 tum
1714 2828 1909 2909 Erphurdiae
1926 2828 2034 2908 attigit
2047 2826 2216 2908 pulverem,
2237 2844 2342 2892 verum

608 2928 702 2992 etiam
736 2925 776 2991 ab
804 2925 1037 2991 humanioribus
1065 2925 1149 2991 bisce
1181 2931 1215 2992 et
1241 2927 1484 3008 elegantioribus
1511 2928 1612 2992 literis
1647 2927 1687 2991 ad
1718 2928 1815 2991 serias
1842 2928 1942 3008 magis
1972 2932 2004 2991 ot
2036 2926 2228 2992 necessarias
2258 2916 2359 2991 artes

609 3026 749 3093 defluxit.
791 3025 978 3090 Medicinam
999 3025 1079 3091 enim
1099 3026 1264 3107 praecipue
1285 3028 1423 3108 seposuit
1445 3027 1520 3109 albi,
1545 3028 1578 3091 in
1599 3046 1661 3108 qua
1682 3027 1857 3092 factitando
1877 3028 2065 3107 elaboraret,
2095 3028 2168 3092 licet
2189 3026 2221 3091 id
2243 3027 2344 3108 ipsum

610 3126 831 3192 dissuaderent
848 3129 978 3206 propter
999 3123 1134 3206 inopiam
1159 3125 1213 3190 alii
1236 3130 1269 3191 et
1294 3133 1329 3192 ut
1350 3126 1452 3193 Sacris
1482 3128 1659 3193 initiaretur
1676 3128 1824 3192 authores
1847 3132 1960 3192 esseut.
2010 3126 2146 3207 Ideoque
2165 3145 2263 3209 quum
2282 3145 2345 3192 nou

610 3226 713 3291 minua
733 3226 849 3290 artium
881 3223 992 3289 harum
1018 3225 1118 3306 gloria
1144 3226 1323 3307 excelleret,
1356 3244 1449 3307 quam
1478 3228 1608 3307 virtute,
1643 3226 1827 3307 sobrietate,
1859 3228 1990 3308 pietate,
2020 3244 2184 3307 rerumque
2208 3227 2344 3293 omnium

612 3345 673 3391 usu
697 3326 831 3406 gratiam
852 3322 911 3390 sibi
932 3329 964 3389 et
983 3342 1122 3389 amorem
1143 3326 1279 3390 omnium
1299 3326 1486 3408 peperisset,
1519 3326 1643 3407 Lipsiae
1663 3328 1797 3408 primurn
1817 3327 1925 3407 poesin
1946 3344 2026 3391 anuo
2046 3326 2239 3406 MDXVIl³l
2262 3328 2345 3393 omui

613 3444 682 3491 cum
712 3426 868 3507 gravitate
898 3431 931 3489 et
959 3424 1155 3507 jucunditate
1185 3424 1365 3508 explicavit,
1406 3426 1494 3490 initio
1528 3424 1611 3491 facto
1639 3427 1696 3507 a⁴)
1721 3426 1890 3506 Bucolicis,
1933 3443 2013 3507 quae
2038 3444 2146 3491 recens
2174 3426 2345 3505 evulgaret.

612 3526 720 3607 Lipsia
739 3525 891 3590 decedens
912 3524 1047 3589 contulit
1066 3524 1297 3606 seErfurdiam,
1318 3530 1479 3606 quactum
1494 3525 1643 3605 temporis
1660 3525 1747 3590 cultu
1769 3525 1931 3590 literarum
1952 3532 1984 3590 et
2007 3525 2168 3590 doctorum
2188 3526 2346 3591 hominum

613 3624 788 3707 frequentia
809 3622 945 3688 florebat
964 3624 1176 3707 mediocriter,
1211 3625 1265 3689 ubi
1285 3643 1379 3706 quum
1401 3642 1434 3689 se
1456 3624 1496 3689 ad
1519 3623 1644 3705 Georgii
1667 3625 1840 3692 Sturciadis
1860 3625 1974 3690 Medici
1994 3625 2124 3706 insignis
2146 3626 2347 3707 applicuisset

613 3725 858 3791 familiaritatem
884 3724 995 3805 etiam,
1026 3723 1108 3805 quod
1136 3743 1173 3788 ex
1194 3724 1316 3788 Erasmi
1337 3724 1549 3805 Epistularum
1563 3724 1621 3789 lib.
1641 3724 1670 3789 V
1693 3732 1833 3805 constat,
1858 3726 1925 3789 sive
1952 3724 2076 3806 publice
2107 3727 2172 3790 sive
2200 3727 2345 3807 privatim

615 3824 729 3889 docuit.
772 3822 970 3888 Sturciadem
992 3822 1101 3887 deinde
1129 3824 1161 3887 iu
1185 3823 1309 3887 Italiam
1329 3824 1370 3888 ad
1394 3842 1530 3889 summos
1557 3830 1589 3888 in
1617 3830 1686 3889 arte
1713 3824 1830 3889 medica
1860 3824 1993 3889 honores
2022 3826 2250 3903 consequendos
2275 3845 2346 3907 pro-

615 3924 730 3988 fectum
760 3923 926 3987 comitatus
958 3926 1021 3986 est:
1054 3923 1108 3987 ubi
1137 3923 1229 3986 ambo
1258 3923 1366 3987 eadem
1396 3923 1549 4005 dignitate
1575 3922 1679 3989 ornati
1708 3928 1783 3987 suut
1813 3928 1846 3987 et
1873 3922 1992 3987 Cordus
2017 3922 2140 4004 quidem
2169 3942 2189 3987 a
2219 3925 2345 3988 Nicolao

615 4023 787 4088 Leoniceno
808 4020 1000 4086 Medicorum
1020 4023 1087 4103 ejus
1116 4022 1263 4104 temporis
1291 4024 1496 4103 antesignano
1516 4024 1689 4087 Ferrariae.
1735 4021 1782 4085 Ex
1809 4023 1901 4087 ltalia
1925 4022 2048 4088 domum
2069 4041 2214 4088 reversus
2236 4042 2346 4088 norem

615 4123 711 4188 libros
732 4122 1012 4205 Epigrammatum
1038 4120 1239 4205 evulgavit³)
1273 4129 1306 4187 et
1335 4122 1536 4204 blarpurgum
1566 4140 1648 4185 anno
1671 4121 1853 4187 MDXXVII
1878 4126 2023 4203 vocatus,
2058 4123 2152 4186 utin
2180 4124 2348 4189 Academia

616 4223 755 4301 doceret,
777 4222 857 4285 inter
871 4222 989 4303 primos
1003 4221 1188 4286 Academiae
1200 4240 1344 4303 proceres
1362 4222 1459 4287 veluti
1479 4221 1681 4286 clarissimum
1705 4221 1800 4302 sydus
1814 4221 1930 4286 effulsit
1943 4222 2134 4303 Reipubque
2147 4222 2348 4289 Academicae

617 4320 830 4402 gubernacula
851 4338 933 4385 auno
953 4320 1122 4402 MDXXX,
1152 4339 1214 4402 quo
1234 4320 1400 4403 Marpurgi
1420 4320 1514 4387 dere
1537 4322 1778 4386 sacramentaria
1799 4321 1907 4386 habita
1930 4322 1987 4387 fuit
2009 4323 2161 4403 synodus,
2190 4324 2347 4388 tractarit.

719 4580 746 4646 l)
766 4577 804 4631 ef.
824 4578 850 4631 0.
863 4578 987 4643 Kranae,
1005 4578 1130 4632 Euricius
1149 4579 1257 4633 Cordus.
1293 4580 1361 4632 Eine
1382 4580 1465 4647 biogr.
1485 4580 1580 4633 Skizze
1594 4594 1641 4632 aus
1658 4578 1705 4633 der
1718 4578 1976 4633 Relormatiouszeit
1998 4581 2223 4645 dlarb.tHarrau.)
2238 4584 2310 4634 1553.
2324 4590 2347 4634 a.

619 4666 677 4729 Quo
697 4663 767 4718 libro
786 4664 871 4717 multo
891 4663 1054 4718 luculentius
1072 4681 1152 4733 quam
1170 4674 1250 4719 antea
1268 4665 1349 4719 Cordi
1369 4666 1424 4719 rita
1443 4666 1576 4721 illustrata
1594 4672 1642 4718 est.
1679 4665 1792 4718 Ericius
1810 4680 1860 4719 scr.
1880 4665 1933 4717 Dil.

717 4752 746 4816 2)
766 4748 889 4819 Quinque
907 4765 1001 4804 versus
1018 4751 1089 4804 iuter
1107 4750 1158 4804 hoc
1182 4757 1210 4805 et
1228 4752 1379 4819 proximum
1401 4753 1565 4806 enuntiatum
1588 4750 1740 4817 interpositi
1764 4750 1798 4804 ab
1821 4750 1880 4817 ipso
1906 4750 2025 4805 Dilichio
2048 4756 2173 4820 expuncti
2197 4762 2258 4809 suut
2281 4756 2350 4809 inter

620 4835 800 4904 scribendum,
818 4852 900 4902 quum
919 4836 1082 4904 paulopost
1100 4852 1158 4903 res,
1179 4851 1247 4906 quae
1267 4837 1307 4890 eis
1323 4837 1507 4899 continentur,
1532 4839 1586 4892 alio
1605 4837 1666 4891 loco
1686 4837 1941 4890 commemoraverit.

717 4925 745 4985 3)
765 4922 872 4975 Annum
889 4923 916 4975 in
934 4922 1053 4989 margine
1071 4922 1216 4990 adscripsit
1233 4924 1293 4991 ipse
1312 4924 1377 4989 Dil.;
1397 4924 1512 4978 eundem
1530 4923 1613 4977 ceteri
1632 4922 1679 4999 quj
1698 4920 1780 4975 Cordi
1798 4922 1879 4975 uitam
1897 4921 2066 4975 tradiderunt
2089 4924 2217 4979 exhibent
2235 4935 2348 4994 excepto

619 5006 735 5062 Kreusio
754 5024 780 5075 p.
800 5010 846 5076 36,
866 5010 911 5077 qui
927 5008 1011 5061 suba
1039 5013 1104 5063 1514
1123 5010 1243 5077 Lipsiam
1261 5025 1322 5063 eum
1347 5026 1376 5063 se
1402 5011 1548 5065 contulisse
1575 5010 1637 5063 iude
1658 5008 1774 5062 maxime
1801 5008 1951 5076 concludit,
1978 5008 2050 5073 quod
2067 5010 2197 5066 Bucolica
2215 5012 2262 5066 illo
2281 5028 2350 5065 anno

621 5092 694 5148 edita
711 5100 797 5161 orant,
817 5102 845 5148 et
864 5094 934 5164 quod
950 5095 1119 5150 Camerarius
1136 5097 1219 5164 paulo
1238 5103 1300 5164 post
1318 5097 1423 5151 Eobani
1442 5112 1457 5151 e
1473 5098 1567 5165 Lipsia
1581 5096 1730 5150 discessum
1744 5097 1836 5160 (1513)
1858 5092 1974 5147 Cordum
1992 5094 2112 5162 Lipsiam
2129 5099 2235 5153 venisse
2253 5106 2350 5153 narrat.

717 5182 747 5248 4)
767 5182 856 5235 Locus
874 5181 1005 5249 imaginis.

718 5269 747 5335 5)
765 5268 856 5322 Minus
874 5274 999 5322 accurate
1024 5268 1076 5321 boc
1099 5268 1182 5322 refert
1205 5268 1258 5321 Dil.
1302 5269 1371 5322 Nam
1394 5268 1446 5322 duo
1473 5268 1701 5335 Epigrammatum
1726 5266 1790 5321 libri
1811 5264 1878 5319 editi
1903 5280 1938 5320 er.
1950 5273 1979 5320 nt
2002 5283 2025 5321 a.
2047 5271 2125 5331 1517,
2158 5276 2213 5321 tres
2232 5284 2255 5322 a.
2278 5270 2352 5332 1520,

620 5368 716 5408 novem
735 5354 796 5407 libri
814 5353 928 5421 primum
948 5354 1014 5407 editi
1032 5360 1095 5407 sunt
1111 5354 1250 5423 Marpurgi
1268 5371 1293 5410 a.
1315 5358 1395 5421 1522;
1414 5355 1466 5408 iter
1484 5354 1606 5409 Italicum
1627 5363 1717 5410 autem
1735 5354 1762 5407 in
1787 5369 1811 5407 a.
1835 5354 1898 5404 1521
1920 5354 2020 5409 incidit.
2063 5354 2105 5406 Ab
2129 5368 2152 5406 a.
2173 5356 2238 5406 1523
2266 5370 2352 5421 nsque

620 5441 654 5495 ad
674 5457 698 5494 a.
719 5442 783 5493 1527
803 5439 966 5506 Brunsrigae
985 5439 1102 5507 degerat.
