5534 6984
1085 1008 1125 1061 At
1141 1023 1212 1061 nnnc
1230 1006 1339 1062 eximiis
1356 1006 1489 1062 Doofon‘s
1506 1006 1656 1063 honoribus
1670 1012 1769 1063 noctua

1122 1092 1270 1148 Commodo
1287 1094 1421 1149 Jnetitino
1438 1094 1526 1150 multo
1542 1094 1665 1164 foroque
1678 1094 1768 1163 soret:

1086 1178 1195 1234 Scilicet
1212 1181 1263 1234 hoa
1275 1180 1402 1249 fructos,
1417 1182 1483 1235 hoec
1499 1182 1627 1249 proemio
1645 1182 1741 1237 uiuido
1757 1184 1846 1239 notus

1122 1265 1235 1335 Insedit
1250 1268 1367 1336 gronio,
1384 1268 1458 1321 olore
1477 1268 1622 1334 Mathoae,
1642 1274 1698 1324 hoo.

1203 1531 1337 1598 Petrus
1360 1531 1538 1613 Nigidius
1567 1530 1711 1598 Senior.
1725 1532 1752 1613 ¹)

699 1687 810 1755 Patria
828 1688 953 1769 Nigidio
974 1688 1034 1753 fuid
1055 1686 1291 1753 hllendorifium
1314 1687 1429 1754 Sahnis
1451 1687 1571 1754 celebre
1585 1686 1762 1753 Hassorum
1784 1686 1941 1769 oppidum,
1964 1684 2048 1767 quod
2071 1703 2143 1750 eum
2164 1689 2345 1750 nascentem

602 1788 725 1870 excepit
746 1807 828 1854 anno
849 1787 929 1853 ΜΙ)Ι
950 1793 1061 1854 octavo
1085 1788 1154 1854 Cal.
1175 1786 1326 1869 Martias,
1365 1788 1416 1854 cui
1442 1787 1580 1869 ascripta
1609 1794 1659 1853 est
1685 1787 1719 1852 in
1743 1784 1930 1853 ChristIanis
1957 1786 2049 1851 factis
2076 1785 2226 1850 cathedra
2245 1783 2344 1863 Petri,

602 1888 685 1954 unde
713 1893 746 1954 et
774 1906 886 1953 nomen
915 1889 944 1953 ei
973 1889 1006 1953 in
1033 1889 1190 1969 baptismo
1218 1888 1359 1969 contigit.
1411 1888 1494 1954 Hinc
1526 1905 1596 1953 cum
1626 1892 1710 1953 esset
1737 1886 1861 1967 ingenIo
1889 1886 2002 1966 alacri,
2033 1885 2149 1966 vivido,
2181 1884 2345 1950 liberalia

602 1987 787 2069 parentibus
807 1986 1016 2068 Hombergam
1039 1986 1202 2053 Cattorum
1222 1987 1263 2051 ad
1282 1987 1448 2053 Nicolaum
1469 1987 1647 2069 Asclepium
1668 1985 1822 2052 adductus
1845 1989 1896 2050 est
1917 1985 2019 2065 prima
2041 1985 2149 2049 statIm
2171 1990 2289 2067 aetate,
2310 1990 2346 2049 ut

601 2088 669 2170 ejus
697 2089 892 2169 potissimum
929 2087 1075 2169 auspiciis
1109 2088 1237 2169 puerilis
1274 2088 1435 2154 doctrinae
1469 2086 1745 2169 comprehenderet
1784 2085 1939 2150 elementa
1978 2089 2011 2148 et
2044 2083 2086 2148 ad
2118 2084 2346 2150 humanitatem

601 2186 774 2268 fingeretur
804 2192 901 2269 atque
930 2187 1088 2253 virtutem.
1147 2186 1210 2253 Sed
1240 2196 1352 2269 postea
1378 2188 1456 2253 XIII
1484 2206 1637 2252 annorum
1670 2204 1748 2268 puer
1784 2185 1827 2251 ad
1866 2184 2041 2249 uberiorem
2075 2185 2191 2265 ingenii
2227 2186 2345 2252 cultum

601 2286 825 2369 capessendum
845 2286 1052 2353 Northusium
1073 2287 1286 2367 Duringorum
1307 2287 1468 2368 profectus
1492 2287 1692 2352 admimstras
1713 2304 1824 2367 operas
1843 2284 1943 2351 Raido
1964 2285 2030 2349 ludi
2050 2285 2221 2366 praefecto,
2248 2285 2346 2351 Hers-

600 2386 785 2452 feldensium
805 2392 915 2468 postea
938 2387 1165 2467 concionatori,
1185 2388 1355 2468 praestitit.
1398 2387 1538 2468 Indeque
1558 2385 1739 2452 Erfurdiam
1768 2403 1849 2451 anno
1872 2384 2072 2450 Christianae
2096 2385 2230 2467 epochae
2254 2385 2346 2451 XVII

603 2487 772 2568 concessit,
804 2486 856 2552 ubi
876 2487 978 2551 instar
1002 2483 1165 2551 Cleanthis
1193 2491 1290 2551 noctu
1311 2488 1424 2568 pistori
1452 2488 1485 2551 in
1512 2506 1593 2570 aqua
1619 2486 1790 2552 haurienda
1815 2503 1942 2567 operam
1971 2485 2118 2565 locantis,
2146 2489 2180 2549 ut
2206 2485 2346 2551 interdiu

602 2587 700 2652 vitam
722 2591 905 2651 sustentare
926 2590 959 2651 et
982 2584 1159 2667 Chrysippo
1188 2585 1377 2669 Pliilosopho
1410 2605 1535 2669 operam
1567 2588 1645 2653 dare
1676 2592 1801 2669 posset,
1839 2586 1948 2667 Largo
1973 2590 2007 2650 et
2033 2583 2148 2650 Hunno
2177 2584 2346 2650 famulatus

602 2687 723 2753 nocteis
743 2692 776 2751 et
797 2685 864 2750 dies
891 2686 924 2749 fn
952 2686 1165 2750 doctriuamm
1191 2686 1327 2752 omnium
1353 2686 1556 2753 medilatione
1585 2688 1631 2753 ita
1659 2691 1804 2753 versatus
1831 2691 1898 2767 est,
1926 2689 1963 2750 ut
1987 2684 2113 2749 titulum
2135 2683 2346 2764 Baccalaurei,

562 2811 565 2817 ¹
604 2787 744 2869 quitum
766 2784 911 2868 equidem
933 2785 1082 2866 temporis
1104 2785 1298 2866 magnifieri
1320 2792 1540 2869 consueverat,
1569 2793 1821 2869 consequeretur.
1872 2786 1974 2863 Quum
1999 2785 2108 2866 itaque
2131 2804 2168 2849 eo
2190 2783 2345 2850 indefesso

602 2903 789 2968 progressus
819 2890 904 2951 esset
931 2885 1052 2966 studio,
1080 2889 1117 2949 ut
1144 2885 1297 2966 pueritiae
1318 2885 1477 2951 docendae
1502 2874 1597 2968 aptus
1622 2887 1800 2967 videretur,
1828 2884 2014 2967 Echwegam
2034 2885 2185 2965 primum,
2214 2884 2345 2965 quaein
2401 2917 2402 2921 ι

604 2986 737 3052 Hassiae
752 2992 784 3051 et
799 2986 971 3065 Duringr'ae
988 2990 1037 3049 est
1052 2984 1202 3066 confiniis,
1224 2987 1421 3066 postmodum
1437 2986 1470 3050 iu
1487 2987 1623 3068 patriam
1645 2986 1823 3068 accersitum,
1845 2990 1881 3050 ut
1895 2984 2051 3049 institutis
2064 2984 2093 3065 ²)
2115 2990 2148 3049 et
2169 2984 2346 3067 praeceptis

603 3088 667 3153 suIs
691 3088 886 3169 juventutem
914 3085 1056 3165 erudiat,
1087 3086 1120 3150 id
1150 3086 1236 3167 quod
1272 3086 1355 3151 circa
1385 3104 1503 3150 anuum
1533 3086 1670 3167 epochae
1695 3084 1895 3151 Christianae
1917 3084 1991 3149 XXI
2022 3084 2143 3149 accidit.
2195 3086 2239 3150 At
2266 3086 2346 3149 enim

603 3205 701 3269 quum
722 3186 754 3251 id
775 3187 807 3249 in
829 3186 920 3250 laude
941 3189 1070 3266 poneret
1091 3185 1241 3266 maudme,
1268 3185 1298 3250 si
1328 3204 1392 3250 uon
1420 3203 1483 3250 uno
1510 3185 1550 3251 de
1578 3186 1649 3250 ludo
1680 3190 1713 3249 et
1734 3184 1853 3265 Repub.
1873 3184 1954 3248 bene
1974 3185 2088 3249 mereri
2109 3188 2235 3265 posset,
2266 3202 2347 3248 anno

604 3285 722 3352 Christi
743 3284 915 3351 MDXXIII
942 3284 1129 3366 GottIngam
1156 3285 1308 3349 concessit
1337 3285 1511 3367 Saxonum,
1549 3302 1739 3366 uxoremque
1773 3283 1832 3348 sihi
1867 3284 2011 3364 adjunxit
2041 3285 2161 3364 parlier
2192 3284 2346 3348 Eulaliam

605 3386 747 3468 Gilliam,
777 3404 879 3467 equa
901 3385 931 3449 ei
957 3389 1070 3465 postea
1101 3384 1250 3449 tredecim
1281 3386 1348 3449 nati
1374 3390 1449 3450 sunt
1476 3385 1580 3467 liberi,
1614 3386 1668 3466 qui
1690 3384 1751 3449 Dei
1776 3382 1926 3448 beneficio
1955 3384 2084 3465 stirpem
2106 3384 2186 3450 hanc
2209 3385 2256 3450 ita
2278 3403 2347 3466 pro-

603 3492 782 3569 pagarunt,
804 3492 841 3551 ut
859 3490 988 3566 nepotes
1008 3483 1122 3548 viderit
1144 3502 1182 3548 ac
1202 3489 1391 3565 pronepotes
1413 3484 1544 3551 XXCIll
1566 3490 1769 3567 posterosque
1790 3483 1869 3548 adeo
1891 3481 1956 3549 ΟΠ.
2000 3482 2167 3549 Caeterum
2190 3486 2347 3566 quiajam

605 3587 726 3668 pridem
758 3586 861 3650 animo
889 3586 956 3665 ejus
984 3583 1184 3663 Witebergae
1212 3587 1245 3649 et
1265 3603 1345 3665 quae
1369 3590 1436 3649 tum
1464 3586 1629 3668 praecipue
1655 3584 1847 3665 effulgebant
1871 3583 1948 3664 illic,
1981 3582 2167 3648 Germaniae
2196 3585 2346 3650 luminum

604 3686 733 3753 Lutheri
753 3693 786 3750 et
807 3685 1019 3750 hlelanthonis
1043 3683 1240 3749 emendorum
1263 3684 1423 3749 insederat
1443 3686 1609 3766 cupidItas
1630 3685 1713 3749 circa
1733 3702 1848 3749 annum
1861 3684 1994 3748 DXXVI
2016 3684 2089 3749 illuc
2108 3685 2267 3766 profectus
2288 3692 2346 3765 est,

603 3786 685 3868 quod
707 3786 735 3849 ei
758 3804 821 3850 non
844 3784 926 3849 male
951 3784 1071 3849 cecidit.
1124 3782 1264 3847 Innotnit
1291 3784 1374 3848 enim
1401 3783 1532 3849 homiuis
1559 3786 1592 3848 in
1620 3789 1730 3849 tenera
1755 3785 1923 3866 juventute
1951 3782 2146 3849 instituenda
2173 3786 2345 3851 assiduitas

604 3891 699 3966 atque
720 3886 875 3949 industria
897 3884 996 3964 magis
1017 3884 1198 3964 magisque,
1230 3882 1275 3945 ita
1303 3889 1341 3947 ut
1371 3901 1434 3949 uno
1464 3884 1633 3965 eodemque
1658 3883 1884 3964 propemodum
1918 3888 2059 3963 tempore
2089 3884 2225 3965 ejusdem
2252 3903 2347 3966 opera

604 3986 676 4050 hinc
694 3985 766 4050 iude
787 3989 984 4065 expeteretur
994 3984 1033 4065 ³).
1086 3982 1148 4049 Sed
1179 3982 1364 4049 scholastica
1389 3984 1638 4049 Darmstadiensi
1660 3989 1693 4047 et
1713 3982 1970 4062 Lunaehurgensi
2000 3982 2175 4064 functione,
2204 3986 2346 4066 quamvis

604 4085 760 4150 luculenta
781 4088 915 4164 utraque
936 4084 1015 4148 satis
1036 4088 1129 4163 esset,
1150 4085 1321 4164 praeterita
1337 4082 1378 4147 ad
1392 4083 1657 4149 hllendorffenses
1675 4100 1748 4147 suos
1768 4098 1930 4163 regressus
1949 4081 2103 4146 aXXVII
2124 4100 2206 4147 anno
2222 4083 2347 4151 scholae

605 4184 719 4250 ibidem
739 4181 878 4265 praefuit
905 4183 1006 4248 denuo
1034 4201 1134 4264 usque
1162 4184 1204 4249 ad
1232 4202 1347 4248 annum
1368 4183 1507 4265 XXXII,
1538 4201 1600 4264 quo
1623 4181 1826 4268 Marpurgum
1847 4186 1993 4245 evocatus
2019 4187 2084 4263 est,
2113 4188 2149 4247 ut
2168 4182 2346 4249 Reinhardo

605 4284 748 4349 Lorichio
763 4284 794 4347 iu
808 4282 1008 4365 paedagogeo
1024 4282 1224 4362 moderando,
1247 4290 1400 4363 tanquam
1414 4283 1532 4363 collega
1551 4282 1717 4364 primarius
1739 4280 2004 4346 succenturiatam
2026 4282 2190 4362 praeberet
2207 4302 2344 4367 operam,

604 4384 657 4449 ubi
678 4384 824 4463 Magistri
847 4382 1070 4448 condecoratus
1091 4380 1207 4446 honore
1228 4399 1311 4446 anuo
1334 4386 1476 4448 vertente
1497 4380 1791 4464 Paedagoginrchae
1812 4380 2018 4462 praeponitur
2039 4384 2174 4463 muneri,
2196 4384 2280 4464 quod
2301 4386 2346 4449 ita

606 4484 764 4564 sustinuif,
786 4485 898 4546 utnon
912 4482 973 4546 nisi
990 4482 1169 4563 juventutis
1187 4487 1345 4562 spectaret
1360 4482 1566 4547 commodum.
1609 4482 1745 4563 Ideoque
1761 4486 1799 4547 ut
1817 4481 1883 4561 ejus
1897 4478 2008 4544 studiis
2026 4486 2116 4545 tanto
2131 4484 2346 4549 consuleretur

487 4654 490 4657 ,
605 4584 737 4665 rectius,
769 4598 858 4646 suam
885 4600 922 4646 ex
947 4600 1039 4663 opere
1071 4580 1403 4664 Mycillophilippico⁴)
1436 4583 1634 4647 concinnavit
1656 4588 1723 4647 tum
1746 4581 1894 4663 tempons
1918 4579 2170 4647 Grammaticam.
2213 4586 2256 4648 At
2278 4604 2346 4649 curn

605 4702 705 4748 annos
733 4682 799 4748 fera
827 4681 887 4745 NII
917 4681 949 4745 in
980 4679 1039 4745 hoc
1070 4680 1244 4745 iudustriae
1281 4681 1435 4746 curriculo
1468 4682 1694 4763 allaborasset,
1731 4699 1814 4745 anno
1844 4698 1864 4744 a
1891 4680 2015 4746 Christo
2047 4687 2121 4745 nato
2148 4682 2346 4748 MDXXXIX

606 4782 761 4849 Cassellas
782 4782 901 4847 accitus
923 4780 1103 4844 decennium
1131 4779 1179 4843 ita
1205 4798 1372 4861 puerorum
1397 4781 1491 4846 isthIc
1513 4782 1595 4851 rexit
1616 4780 1779 4861 disciplina
1800 4780 1951 4862 ingenia>
1969 4785 2005 4845 ut
2026 4799 2088 4851 non
2110 4786 2234 4846 tantum
2255 4802 2346 4864 prae-

605 4884 704 4965 ceptis
724 4882 877 4947 formaret
897 4880 1213 4968 atqueinstituti0ne
1234 4880 1357 4961 eadem,
1378 4882 1436 4945 scd
1458 4882 1553 4945 etiam
1573 4881 1656 4963 quod
1679 4880 1814 4944 omnium
1837 4880 2055 4959 difficilimum,
2077 4899 2173 4961 quum
2195 4884 2344 4965 cujusque

706 5036 734 5099 1)
753 5031 826 5086 Usus
853 5035 895 5084 est
918 5027 973 5082 Dil.
994 5027 1120 5082 Goolcnio'
1146 5032 1212 5082 orat
1241 5026 1274 5081 de
1299 5029 1353 5084 rita
1382 5035 1410 5084 et
1435 5029 1554 5084 moribus
1571 5028 1608 5083 M.
1627 5028 1702 5083 Petri
1723 5027 1825 5097 Nigidii
1851 5043 1920 5083 anno
1941 5029 2006 5082 1585
2036 5028 2131 5085 habita
2155 5036 2182 5085 et
2208 5046 2261 5085 una
2286 5048 2345 5087 cum

606 5117 709 5187 Nigidii
728 5118 851 5172 Eleucho
870 5115 984 5184 profess.
1004 5112 1079 5167 acad.
1099 5112 1188 5180 Marp.
1207 5128 1231 5167 a.
1253 5117 1315 5168 1591
1338 5114 1420 5170 edita.

705 5205 734 5274 2)
755 5203 819 5258 cod.
837 5203 957 5257 instatis.

706 5294 736 5360 3)
756 5290 821 5344 Cod.
842 5296 995 5359 cooperetur.

705 5382 734 5442 4)
753 5378 812 5435 lloc
827 5379 938 5432 uerbum
958 5376 1053 5431 eodem
1071 5378 1151 5431 modo
1169 5378 1298 5445 scriptum
1317 5374 1469 5430 cGoclenii
1483 5376 1604 5430 oratioue
1618 5383 1755 5431 mutuatus
1769 5384 1810 5430 est
1821 5376 1875 5432 Dil.
1911 5377 1953 5432 De
1971 5376 2151 5432 hlelanthonis
2169 5374 2345 5443 grammatica

607 5465 755 5535 ultlicyllo
774 5463 916 5519 emendata
935 5463 968 5518 cf.
989 5464 1111 5517 Idoumer
1130 5464 1227 5518 Gesch.
1247 5463 1272 5517 d.
1292 5459 1393 5529 Padag.
1415 5461 1438 5529 I,
1457 5478 1483 5529 p.
1502 5465 1552 5516 391
1572 5476 1630 5531 sqq.
1667 5463 1779 5517 Classen
1799 5462 1926 5533 MIcpllus
1945 5480 1971 5531 p.
1991 5464 2041 5517 237
2060 5479 2099 5529 sq.
