5534 6984
1083 1150 1309 1219 Gotofredus
1337 1152 1503 1217 Antonii.

525 1303 828 1387 ihdndenbergae¹l
860 1300 1071 1382 westphaliae
1098 1302 1246 1385 oppidulo
1280 1308 1375 1368 natus
1406 1318 1489 1367 anuo
1518 1300 1684 1369 MDLXXI
1712 1302 1808 1369 Petro
1838 1306 1967 1372 Antonii
2003 1311 2094 1388 patre
2129 1314 2160 1372 et

428 1402 597 1471 hanchca
617 1402 756 1471 Fischeri
776 1400 954 1468 Mendensis
966 1401 996 1483 ²)
1028 1398 1171 1467 Consulis
1191 1399 1256 1467 filia
1282 1402 1390 1484 primis
1413 1401 1588 1467 studiorum
1609 1400 1819 1469 fundamentis
1839 1402 1967 1487 Unnae,
1995 1406 2028 1470 in
2049 1405 2160 1489 oppido

428 1502 527 1584 Ham,
547 1506 581 1569 et
592 1502 700 1587 Susaq‘
718 1501 839 1583 positis,
860 1518 957 1582 quum
971 1500 1005 1565 in
1024 1518 1122 1582 puero
1136 1500 1185 1565 vel
1202 1500 1367 1583 praecipue
1384 1500 1501 1583 ingenii
1521 1501 1697 1567 immineret
1719 1500 1867 1569 alacritas
1887 1510 1919 1569 et
1939 1504 2161 1587 promptitudo,

428 1620 530 1668 annos
553 1608 676 1668 tantum
695 1606 790 1666 natus
809 1600 855 1665 XI
882 1601 1058 1682 aquodam
1087 1600 1184 1665 nobili
1210 1600 1411 1666 instituendis
1439 1598 1545 1667 liberis
1573 1600 1750 1667 adhibetur.
1799 1603 1901 1685 Atque
1928 1602 2009 1669 hanc
2036 1604 2161 1686 quidem

428 1703 676 1785 expectationem
703 1700 749 1765 ita
776 1700 946 1780 sustinuit,
979 1704 1015 1765 ut
1048 1699 1184 1764 animum
1214 1699 1254 1765 ab
1285 1701 1368 1765 omni
1395 1699 1457 1765 alia
1487 1700 1675 1781 cogitatione
1707 1702 1747 1767 ad
1778 1702 1945 1784 discipulos
1970 1705 2090 1770 artibus
2119 1704 2160 1771 ad

428 1801 652 1867 humanitatem
674 1798 886 1864 informandos
907 1798 1089 1863 traduceret
1114 1800 1297 1880 praecipue,
1329 1799 1554 1881 duodecimque
1582 1818 1680 1867 annos
1712 1800 1791 1867 hano
1818 1802 1850 1866 in
1878 1822 1942 1868 rem
1970 1802 2162 1885 impenderet

428 1902 583 1984 privatim.
625 1900 668 1965 At
691 1898 889 1982 postmodum
917 1917 986 1964 cum
1014 1898 1124 1963 iisdem
1150 1898 1355 1981 Marpurgum
1384 1917 1465 1965 anno
1490 1898 1612 1965 Maon
1623 1902 1652 1982 ³)
1684 1900 1760 1966 nihil
1790 1902 1913 1968 omnino
1941 1900 2014 1968 fecit
2041 1902 2162 1985 reliqui,

429 2000 664 2084 quodquidam
698 1998 741 2063 ud
774 2000 905 2079 artium,
936 1998 1079 2080 jurisque
1110 1997 1252 2078 inprimis
1286 1998 1521 2081 disciplinam)
1555 2000 1715 2065 attineret.
1774 2000 1913 2083 Ideoque
1943 2018 1960 2065 e
1997 2002 2163 2067 domestica

429 2100 652 2166 exercitatione
672 2104 705 2163 et
726 2098 883 2163 umbratili
912 2098 1047 2163 medium
1076 2098 1109 2161 in
1137 2115 1249 2179 agmen
1279 2103 1312 2163 et
1341 2097 1501 2179 pulverem
1532 2117 1716 2181 progressus
1744 2100 1838 2165 subiit
1866 2101 2041 2183 comprimis
2072 2120 2162 2167 usum

429 2200 573 2281 viresque
593 2199 710 2279 ingenii
732 2198 764 2262 in
782 2197 1039 2279 iurisperitorum
1061 2196 1199 2277 collegiis
1214 2195 1400 2279 disputando
1422 2216 1459 2263 ac
1477 2198 1687 2279 praesidendo
1708 2198 1906 2280 perichtatus
1927 2206 1976 2265 est
1996 2200 2162 2281 biennium,

430 2300 521 2381 idque
542 2298 678 2364 assiduis
699 2297 828 2379 studiis,
861 2314 956 2379 opera
978 2304 1073 2378 atque
1093 2296 1249 2361 industria
1268 2295 1385 2376 effecit,
1415 2300 1450 2361 ut
1469 2314 1523 2361 eas
1544 2296 1688 2362 fortunae
1715 2304 1747 2363 et
1775 2298 1939 2381 dignitatis
1969 2302 2162 2367 accessiones

429 2405 690 2481 consequeretur,
721 2414 802 2478 qnae
829 2396 981 2477 ejusmodi
1007 2396 1116 2461 virtuti
1145 2400 1177 2460 et
1198 2396 1368 2460 eruditioni
1387 2395 1585 2461 deberentur.
1635 2396 1715 2461 Nam
1744 2415 1806 2463 non
1837 2400 1935 2465 solnm
1961 2398 2106 2465 Doctoris
2132 2402 2163 2465 in

429 2504 563 2579 utroque
581 2499 652 2579 jure
673 2497 763 2563 titulo
785 2496 961 2578 aPhilippo
981 2494 1158 2575 Matthaeo,
1188 2512 1284 2560 uxore
1312 2495 1440 2576 insuper
1462 2494 1555 2560 ducta
1574 2496 1759 2561 Elisabetha
1782 2497 1905 2563 &nied
1928 2498 2055 2565 Pistorii
2077 2498 2163 2565 ICTI

428 2597 510 2680 filia,
530 2604 659 2663 omatus
680 2602 729 2661 est
750 2602 782 2660 et
803 2600 912 2662 anctus
934 2594 1077 2661 calendis
1098 2595 1174 2676 ipsis
1195 2593 1423 2660 Novembribus
1435 2594 1464 2675 ³)
1484 2612 1565 2659 anuo
1582 2595 1720 2661 ninom
1736 2596 1903 2662 Goeddaeo
1926 2603 2109 2681 surrogatus
2131 2600 2163 2663 in

430 2697 684 2764 institutionibus
704 2694 893 2777 explicandis
914 2694 1005 2759 XIIX
1027 2694 1165 2777 ejusdem
1186 2695 1301 2759 mensis
1323 2693 1467 2759 laborare
1494 2694 1596 2777 eoepit
1625 2701 1783 2778 spectatae
1807 2696 1854 2761 vir
1876 2696 2067 2777 industriae,
2095 2714 2162 2763 cum

431 2797 505 2863 XVI
518 2796 626 2861 Octob.
650 2796 688 2861 de
704 2796 785 2878 juris
806 2794 945 2859 oenomai
959 2792 1153 2859 authoritate
1168 2798 1347 2875 perorasset
1365 2798 1448 2859 ante.
1492 2794 1697 2877 caeteroquin
1720 2812 1788 2861 cum
1809 2795 1891 2861 inter
1911 2796 1987 2861 haec
2002 2794 2163 2879 Philippus

431 2896 611 2962 Matthaeus
632 2894 861 2960 Pandectarnm
883 2891 1048 2959 Professor
1067 2892 1148 2959 diem
1169 2894 1333 2958 clausisset
1353 2900 1539 2975 extremum,
1565 2894 1676 2959 harum
1708 2912 1815 2961 euram
1841 2895 1957 2961 habere
1973 2896 2083 2977 jussus
2105 2899 2163 2977 est,

431 3014 525 3078 quam
551 2994 646 3060 etiam
676 2996 707 3059 in
736 3012 851 3060 annum
881 3010 979 3075 nsque
1003 2993 1178 3074 proximum
1198 2992 1334 3059 MDCIV
1356 2992 1515 3059 sustinuit.
1559 2992 1647 3059 Tunc
1670 2994 1784 3059 etenim
1805 3011 1873 3059 cum
1895 2992 2061 3075 Theologis
2082 2994 2163 3059 ritus

431 3094 580 3176 quosdam
599 3092 832 3159 Ecclesiastioos
854 3092 1033 3159 immutatos
1054 3110 1149 3173 aegre
1168 3090 1340 3158 ferentibus
1363 3092 1505 3159 discessit
1527 3090 1687 3176 Giessam,
1709 3092 1761 3160 ubi
1784 3092 1878 3159 etiam
1902 3092 1933 3157 in
1953 3112 2036 3159 nova
2056 3092 2164 3158 schola

430 3194 614 3277 primarium
645 3192 775 3259 docendi
804 3210 914 3257 munos
948 3192 1087 3274 suscepit
1124 3192 1308 3262 Academiae
1343 3192 1537 3275 postmodum
1571 3192 1760 3259 constitutus
1794 3193 1921 3273 insuper
1955 3192 2164 3259 cancellarius

432 3301 465 3360 et
495 3296 614 3377 primus
643 3312 743 3360 novae
772 3292 956 3357 Academiae
983 3292 1105 3356 Rector.
1159 3290 1293 3357 Moritur
1321 3290 1447 3357 tandem
1485 3290 1597 3357 ibidem
1633 3309 1717 3357 anno
1746 3290 1909 3359 MDCXVI
1920 3292 1949 3373 ⁸)
1989 3290 2164 3373 podagricis

432 3394 602 3460 doloribus:

913 3491 1062 3556 Antonias,
1077 3491 1155 3560 socie
1171 3488 1338 3553 amado,
1351 3488 1427 3555 juris
1443 3489 1473 3541 in
1491 3494 1550 3541 orte

948 3576 1126 3644 Perspicuae,
1146 3574 1242 3629 datae
1256 3590 1327 3643 pars
1344 3580 1532 3642 quotocunque
1548 3574 1662 3629 scholae.

912 3663 1017 3716 Ambitt
1033 3662 1174 3732 inpensam
1192 3660 1248 3715 oiri
1264 3660 1380 3729 compto
1393 3658 1488 3729 putee,

947 3748 996 3803 Ea
1012 3764 1066 3815 quo
1082 3748 1203 3802 victurae
1217 3746 1343 3815 pressio
1359 3745 1452 3801 madio
1469 3746 1555 3801 tatas

532 4079 560 4146 l)
578 4074 661 4146 Apud
667 4074 843 4142 Striederum,
851 4072 1011 4127 Feurbornii
1021 4072 1149 4128 concione
1159 4070 1267 4125 funebri
1274 4076 1302 4125 et
1308 4068 1484 4138 Reinkingkii
1495 4072 1562 4125 orat.
1569 4068 1911 4139 parent.,qusmiraiarua
1924 4083 2030 4139 qaoque
2039 4068 2163 4138 neglecto

434 4164 553 4219 Diliclrio
578 4162 714 4231 sequitur,
738 4161 766 4215 in
790 4157 967 4213 describenda
989 4158 1102 4213 Antonii
1124 4155 1180 4211 rite
1201 4172 1291 4223 nsum,
1317 4170 1414 4211 nomen
1439 4154 1562 4224 oppiduli
1587 4160 1629 4209 est
1653 4154 1860 4225 Nemeam,-
1894 4154 2110 4223 Senkenbergius
2135 4154 2163 4209 in

434 4257 500 4304 orat.
520 4249 554 4303 de
572 4246 718 4303 commodis
734 4244 882 4314 jurisprud.
900 4244 988 4300 studio
1005 4244 1040 4298 ah
1058 4240 1133 4298 acad.
1152 4243 1222 4298 Giss.
1239 4242 1311 4297 natis
1328 4242 1411 4297 hahet
1427 4240 1631 4309 mandebas,
1649 4239 1781 4296 Pistorius
1801 4230 2017 4310 hbmsdcndesp.
2052 4240 2082 4295 ln
2101 4238 2163 4295 albo

433 4334 587 4390 academico
605 4334 750 4402 mscrtptns
768 4339 811 4387 est
829 4321 999 4400 Godefridaa
1015 4331 1131 4385 Aemi
1143 4328 1392 4399 Fronenherqcnsis
1410 4326 1599 4397 Westpholua,
1617 4325 1671 4381 elio
1689 4326 1751 4383 loeo
1770 4326 2050 4398 Frermdesbcrpeasis
2067 4330 2162 4383 suist.

375 4416 382 4429 ‘
530 4420 561 4489 2)
578 4421 596 4475 i.
615 4435 639 4475 e.
656 4416 813 4474 Mindensis.

524 4503 561 4575 ’3)
579 4504 650 4572 Quid
667 4506 736 4561 baec
754 4497 819 4559 anni
835 4502 938 4558 notatio
956 4502 1008 4558 sibi
1027 4500 1103 4570 uelit,
1128 4516 1183 4556 non
1199 4500 1374 4569 perspicitur,
1399 4514 1481 4567 quum
1502 4498 1611 4553 verbum
1636 4497 1732 4553 deesse
1750 4497 1880 4555 ddeahn.
1918 4497 1990 4555 Albo
2010 4496 2163 4555 academico

433 4592 622 4661 Marpurgensi
639 4591 793 4661 adscriptus
810 4596 852 4645 est
869 4605 893 4644 a
907 4587 1132 4643 unxerit-nv.
1699 4572 1707 4589 ⁸

531 4678 561 4747 i)
576 4680 665 4732 Locus
682 4677 814 4745 imaginis.

532 4766 560 4834 5)
578 4765 678 4821 lterum
695 4764 824 4819 nonnulla
842 4763 940 4818 omissa
960 4777 1021 4819 esse
1037 4762 1099 4831 ipsa
1114 4762 1257 4817 verborum
1272 4764 1411 4815 structura
1426 4757 1512 4815 docet
1546 4757 1693 4815 Praeterea
1711 4760 1848 4815 erroribus
1871 4760 1996 4815 laborant
2019 4772 2088 4828 quae
2106 4756 2161 4813 Dil.

434 4857 533 4909 namet.
568 4850 636 4905 Nam
654 4850 778 4905 Doctoris
799 4850 901 4905 honore
919 4855 1030 4903 ornatus
1047 4855 1090 4903 est
1101 4844 1272 4903 Godofredns
1280 4845 1393 4901 Antonii
1411 4844 1472 4913 ipso
1492 4844 1554 4901 elbo
1574 4844 1729 4903 academico
1743 4844 1881 4904 testacei.
1897 4844 1964 4901 Nor.
1977 4844 2161 4915 amoxcvl,

434 4940 462 4993 in
487 4952 624 4993 numerum
647 4938 833 5006 professorum
857 4940 1001 5004 cooptatus
1025 4934 1081 4989 Cal.
1106 4934 1223 5002 Septa.
1241 4932 1369 5001 unctui,
1401 4938 1432 4987 ut
1450 4930 1550 4987 Joauni
1575 4930 1720 4991 Goeddeeo
1744 4932 1914 5003 succederet,
1939 4930 1982 4987 cui
1999 4930 2081 5001 paulo
2099 4936 2162 4986 ante

434 5023 631 5081 Paadectarum
648 5022 785 5091 professio
804 5022 932 5091 Philippo
953 5020 1093 5077 Matthaeo
1111 5020 1209 5075 xviii.
1225 5018 1294 5075 iulii
1316 5024 1423 5073 mortuo
1449 5014 1609 5073 demandata
1632 5018 1728 5075 tuerat
1769 5019 1859 5089 Atque
1877 5017 2076 5073 Institutionum
2100 5032 2161 5087 pro

434 5110 579 5167 tassionem
603 5108 715 5164 retinuit
736 5124 822 5177 usqua
840 5106 876 5164 ad
893 5124 918 5164 a.
936 5106 1055 5177 MDCV,
1079 5122 1133 5177 quo
1156 5121 1227 5163 auno
1250 5110 1366 5162 meante
1383 5104 1489 5159 (lissam
1513 5102 1645 5159 discessit
1681 5104 1846 5177 Quamquam
1868 5100 2003 5159 freherus
2020 5116 2162 5174 quoquae

434 5197 496 5253 suis
508 5194 626 5251 fondhus
644 5193 716 5249 idem
733 5194 837 5260 hausit,
856 5194 928 5265 quod
945 5192 999 5249 Dil.
1017 5193 1111 5263 habet,
1127 5190 1325 5247 Pandectarum
1341 5190 1536 5261 professionem
1548 5190 1668 5248 Antonio
1686 5190 1872 5247 demandatam
1890 5204 1964 5261 asse,
1983 5188 2061 5245 cuius
2077 5188 2117 5243 rei
2135 5188 2162 5243 in

435 5282 499 5339 cibo
522 5280 677 5337 umdemleo
699 5279 839 5349 resumam
863 5296 917 5335 non
940 5280 1088 5349 repetitum
1117 5294 1179 5334 nam
1196 5278 1257 5347 ipss
1281 5294 1306 5333 a
1323 5274 1429 5332 MDCV
1452 5274 1652 5333 Institutionum
1675 5277 1815 5347 professor
1838 5282 1933 5345 aperto
1956 5273 2056 5331 dicitur
2079 5290 2095 5329 e
2117 5272 2160 5328 Jo.

435 5367 581 5425 Goeddeeo
598 5366 727 5434 hectore,
746 5364 793 5434 qui
811 5366 870 5436 ipse
886 5366 959 5422 istud
975 5381 1073 5421 nunus
1089 5363 1229 5421 Mettlreeo
1247 5369 1353 5420 mortuo
1370 5367 1522 5433 acceperat

534 5455 563 5523 6)
581 5454 666 5510 Immo
682 5458 804 5508 moranus
818 5457 861 5509 est
877 5451 903 5507 d
922 5451 985 5507 XVI
1004 5450 1098 5508 Martii
1116 5466 1141 5508 ι
1158 5448 1336 5509 anomia.
