5534 6984
2088 840 2155 913 113

420 1030 487 1095 sita
499 1028 528 1112 ¹)
546 1026 663 1094 mutari
683 1041 746 1091 non
764 1022 874 1107 possit,
895 1028 954 1092 ant
973 1024 1249 1105 naturaconvcrti,
1268 1028 1399 1109 repente
1413 1042 1516 1093 mores
1531 1024 1665 1109 maeret
1681 1026 1731 1095 sel
1746 1024 1896 1112 inprimis,
1915 1028 1949 1097 id
1961 1028 2047 1112 qnod
2063 1030 2158 1099 etiam

420 1129 462 1195 ad
483 1122 777 1209 Paedachiarcbae
796 1140 929 1207 munus,
950 1141 1012 1205 quo
1031 1142 1067 1190 se
1087 1122 1276 1190 Dorstcuius
1297 1122 1453 1190 cassellas
1473 1126 1512 1190 ad
1533 1126 1720 1194 Medicinam
1739 1126 1945 1197 mumadam
1964 1129 2157 1212 migraturus

420 1227 635 1309 abdicaverat,
655 1220 904 1307 marpuquw)
925 1226 1092 1288 revocatus
1110 1222 1182 1307 pari
1201 1227 1235 1289 et
1254 1221 1317 1289 fide
1345 1228 1379 1289 ct
1404 1223 1563 1291 industris
1590 1227 1752 1309 praestitit
1778 1226 1975 1295 dexterrime.
2016 1228 2158 1297 Praeiuit

421 1332 528 1395 autem
547 1324 669 1392 muneri
688 1322 763 1391 buic
782 1322 919 1390 secunda
937 1320 1004 1387 rice
1024 1320 1064 1388 ab
1086 1338 1170 1387 auno
1189 1320 1356 1389 MDXLIX
1375 1321 1480 1389 decem
1500 1341 1600 1393 annos
1630 1343 1699 1393 cum
1722 1326 1852 1395 semisse
1869 1344 1893 1395 a
1914 1328 2078 1413 Ferrario,
2106 1330 2158 1397 cui

423 1431 493 1493 tum
512 1424 654 1509 equidem
674 1422 824 1505 temporis
835 1419 978 1487 Rectoris
994 1420 1192 1489 incumbebat
1211 1440 1334 1506 munus,
1355 1423 1556 1491 renunciatus
1568 1424 1842 1509 Pacdnqogiarcbs
1857 1426 1988 1511 publice.
2019 1427 2158 1497 Tandem

420 1543 516 1608 quum
534 1524 685 1608 optimam
704 1519 821 1588 aetatis
841 1523 966 1602 partam
984 1520 1020 1586 in
1038 1520 1167 1604 pulsem
1185 1521 1241 1589 illo
1261 1522 1420 1605 posuisset
1441 1522 1624 1593 scholastico
1643 1529 1676 1591 et
1696 1544 1730 1593 se
1749 1531 1873 1594 tantum
1894 1544 1959 1593 uon
1978 1528 2011 1595 iu
2028 1528 2158 1611 puerilis

420 1624 505 1692 illim
525 1623 687 1691 doctrinae
706 1618 904 1687 mcuuabulis
924 1620 1137 1704 contrivisset,
1167 1624 1206 1689 nt
1224 1621 1376 1689 inclinata
1401 1622 1467 1704 jam
1494 1627 1601 1691 astate
1626 1626 1763 1694 animum
1790 1626 2018 1709 quodammodo
2040 1628 2082 1697 ab
2103 1628 2159 1695 ills

420 1723 621 1791 contentione
641 1726 676 1788 et
700 1717 835 1785 assiduis
857 1718 1015 1787 laboribus
1034 1718 1174 1803 laxaret,
1205 1720 1329 1805 Vultcjo
1355 1720 1548 1805 Paedngogii
1574 1740 1650 1793 cora
1679 1725 1870 1795 demandata
1895 1724 1947 1795 bic
1974 1726 2100 1808 quidem
2125 1728 2158 1795 in

420 1822 582 1904 collegium
600 1818 847 1903 philosophicum
872 1819 1047 1902 asscriptus
1074 1836 1174 1903 anno,
1206 1820 1268 1886 nisi
1295 1838 1346 1887 mo
1372 1820 1456 1887 fallit
1482 1824 1633 1891 memoria
1642 1824 1691 1907 ⁸),
1721 1824 1824 1909 DLX,
1854 1828 1888 1893 ct
1912 1826 2157 1913 postmodum⁴)

420 1938 544 2005 qnoque
562 1918 726 2001 Pbysicam
745 1917 857 1987 docere
874 1917 1022 2001 jubeam,
1042 1918 1077 1985 id
1094 1919 1179 2002 quod
1198 1918 1345 2001 manus
1364 1918 1451 1987 bisce
1471 1922 1626 2004 expressit
1646 1924 1803 1993 versibus:

902 2016 1021 2075 Publica
1034 2034 1089 2089 pes·
1104 2018 1207 2074 malm
1223 2020 1250 2077 si
1265 2032 1310 2075 rer
1323 2034 1379 2075 suo
1394 2020 1500 2077 semina
1517 2036 1615 2079 mes

937 2103 976 2161 Ira
992 2110 1066 2160 carto
1083 2105 1181 2175 capiet
1197 2119 1304 2159 manen
1315 2103 1417 2173 §asem
1434 2106 1502 2173 loon,

905 2191 1040 2261 Xeaapcro
1056 2188 1170 2263 Nipidia'
1187 2206 1298 2247 ceramo
1315 2191 1436 2247 menda
1453 2192 1534 2251 Peos

937 2276 1089 2334 &hebrea
1101 2276 1211 2347 foetura
1226 2277 1301 2333 nolte
1318 2276 1422 2335 ridebit
1438 2294 1543 2349 epm

906 2362 1285 2434 momentanearum
1303 2363 1481 2437 uesanosque
1497 2370 1635 2437 petrosos

937 2448 1017 2505 nrm
1034 2454 1061 2505 a
1076 2450 1185 2505 sonae
1199 2450 1322 2521 papum
1340 2448 1419 2505 cura
1437 2449 1542 2519 aaa,

905 2534 1037 2592 &maan
1053 2542 1192 2606 properum
1211 2536 1305 2593 stadio
1322 2534 1389 2591 dom
1405 2536 1532 2593 &adea
1550 2538 1676 2605 minas,

937 2622 988 2677 Ea
1004 2637 1059 2691 qao
1075 2621 1232 2693 Monoi-5
1247 2624 1340 2693 coepit
1355 2621 1451 2679 duae
1467 2622 1576 2679 sobolis

902 2708 987 2764 Narra
1003 2708 1094 2779 loapa‘s
1111 2715 1202 2765 wana
1218 2710 1293 2765 caria
1309 2708 1449 2779 confabor
1467 2714 1494 2765 ct
1509 2724 1577 2764 acon

939 2792 1007 2850 Οιηιι
1024 2810 1131 2849 amasa
1145 2794 1273 2866 physices
1289 2793 1420 2867 depacto
1439 2794 1521 2851 laada
1538 2794 1622 2851 docet

905 2880 1018 2952 Oselc'x
1034 2882 1132 2951 iqitrsr,
1144 2881 1222 2952 selis
1235 2881 1318 2938 esee
1335 2881 1458 2952 Hassis,
1476 2881 1545 2937 tota

938 2968 970 3023 Si
986 2982 1092 3039 seraper
1105 2968 1190 3039 pabo
1204 2968 1298 3037 possit
1313 2968 1412 3024 babere
1427 2973 1532 3039 potres.

422 3058 629 3141 caeteroquin
649 3056 725 3124 licet
746 3059 795 3124 tot
812 3056 912 3122 tantm
930 3053 1093 3122 laboribus
1111 3072 1192 3137 pens
1211 3054 1333 3121 noem
1351 3054 1523 3138 riderctru,
1544 3070 1608 3121 nou
1621 3058 1728 3121 tamen
1741 3054 1793 3123 illc
1807 3056 1980 3127 mimuma
2000 3060 2159 3130 labombus

420 3152 604 3225 remittebat
622 3160 656 3222 et
676 3154 774 3236 curis,
803 3172 914 3222 rerum
942 3154 991 3223 sui
1017 3172 1143 3237 semper
1170 3152 1279 3221 similis
1306 3153 1379 3221 huic
1403 3154 1460 3219 uui
1484 3153 1659 3236 jnvcutatis
1686 3156 1879 3224 crudiendae
1900 3158 1987 3240 operi
2007 3160 2159 3244 instabat,

420 3256 469 3323 nti
489 3256 601 3323 solitus
621 3261 692 3324 erat
711 3262 806 3323 autea
827 3272 967 3340 semper,
994 3256 1127 3323 maxime
1147 3254 1210 3337 ita,
1230 3257 1269 3320 nt
1285 3250 1462 3319 candidatis
1482 3253 1636 3319 honorum
1655 3252 1810 3323 coniemct
1830 3256 1966 3339 insignia
1987 3264 2020 3325 et
2041 3260 2160 3329 Decani

421 3374 571 3441 perquam
584 3356 753 3439 diligemm
769 3356 954 3439 iungeretur
967 3352 1078 3421 officio.
1108 3353 1243 3436 Ideoque
1259 3369 1356 3435 quum
1369 3353 1509 3419 smmum
1525 3352 1610 3419 hbeo
1623 3354 1760 3435 negotiis
1774 3355 1956 3423 decennium
1974 3364 2160 3443 occupatum

422 3455 597 3540 habuisset,
614 3456 801 3523 Academiae
818 3441 969 3523 Procc'rcs
988 3453 1164 3535 subductis,
1186 3470 1264 3536 quos
1284 3450 1514 3535 manaverat,
1536 3450 1710 3535 laboribus,
1725 3452 1806 3521 rode
1825 3454 1959 3523 eundem
1980 3456 2160 3526 donandum

422 3561 627 3637 censuerunt,
657 3555 753 3638 idque
778 3554 854 3621 XVI
874 3554 950 3621 Julii
977 3570 1061 3618 auno
1086 3550 1265 3619 MDbXXV
1290 3569 1311 3617 a
1338 3550 1477 3635 principe
1507 3550 1723 3635 impetranmt
1775 3552 1827 3619 Sic
1853 3572 1930 3637 ergo
1958 3560 2069 3623 exacta
2093 3558 2160 3641 jnm

422 3658 531 3721 aetate
559 3653 651 3721 bomo
677 3654 808 3721 LXXIV
833 3670 933 3721 annos
970 3657 1064 3719 mtus
1101 3668 1173 3719 cum
1208 3668 1307 3717 annos
1340 3649 1412 3733 plus
1446 3650 1547 3719 minna
1574 3648 1646 3717 LIV
1679 3651 1712 3717 iu
1746 3650 1859 3719 scholis
1884 3653 2158 3741 Allendorpbisna

422 3752 655 3836 Eschaecensi,
681 3752 901 3836 oonmqenai,
936 3751 1119 3821 Casseilsna
1145 3755 1179 3817 et
1204 3750 1265 3817 bac
1291 3750 1513 3833 Murpurgensi
1540 3766 1579 3817 ea
1603 3750 1700 3817 animi
1727 3752 1909 3834 praesentis
1935 3758 1968 3819 ct
1994 3754 2160 3823 alacritate

422 3853 647 3937 allaborasset,
676 3858 715 3921 ut
740 3853 901 3944 molestias
927 3856 963 3918 et
988 3850 1096 3917 taedia
1117 3850 1236 3933 omnia,
1262 3866 1344 3933 quae
1369 3848 1543 3917 istiusmodi
1568 3847 1728 3917 laboribus
1753 3850 1903 3935 obrepens
1931 3858 2161 3923 consueverunt

423 3954 615 4038 bominibus,
645 3952 806 4021 industria
832 3952 1019 4034 discuteret,
1047 3956 1082 4019 et
1108 3950 1191 4035 quod
1215 3950 1354 4018 punicea
1381 3948 1484 4015 solent
1512 3947 1684 4017 infantibus
1705 3950 1809 4033 pneris
1838 3968 1916 4019 suaa
1936 3952 2010 4019 fidei
2030 3954 2159 4021 creditis

422 4056 527 4122 omnia
554 4054 684 4121 minima
710 4072 822 4121 mansa
848 4053 882 4119 in
909 4070 946 4118 os
973 4052 1141 4133 iuscrmct,
1171 4048 1300 4116 tandem
1327 4048 1469 4131 corporis
1488 4048 1572 4115 sires
1593 4050 1639 4115 icc
1659 4050 1828 4117 exhaustas
1849 4050 1951 4118 sensit
1971 4057 2067 4135 atquc
2086 4072 2160 4136 pro·

423 4159 560 4238 amus,
587 4159 625 4222 ut
644 4152 750 4220 cibum
770 4152 836 4219 icrc
857 4169 978 4219 omnem
1000 4148 1165 4216 imtidiens
1186 4166 1248 4216 non
1276 4148 1336 4214 uisi
1358 4153 1436 4231 potu
1464 4152 1497 4213 ct
1523 4146 1753 4216 sorbitiunculis
1782 4166 1817 4217 sc
1845 4148 2002 4233 reficeret,
2033 4168 2097 4236 qm
2125 4170 2160 4219 rc

422 4259 544 4336 motus,
570 4253 654 4337 quod
673 4254 758 4319 miae
777 4250 870 4318 fin·
890 4268 955 4317 non
974 4248 1067 4332 longe
1087 4248 1198 4315 abesse
1217 4252 1372 4330 cerneret,
1406 4264 1441 4313 se
1460 4246 1599 4331 qnotidie
1618 4248 1659 4314 ad
1679 4248 1849 4316 dmoassnm
1868 4266 1982 4333 parare
2002 4252 2107 4335 coepit
2126 4257 2160 4319 ct

422 4354 507 4419 inter
528 4352 591 4419 alia
609 4353 738 4436 pietatis
755 4350 905 4419 crerdtia
923 4348 999 4417 ddci
1018 4348 1244 4417 confessionem
1264 4348 1358 4430 paulo
1378 4350 1454 4414 ante
1472 4352 1643 4415 mbemnm
1663 4346 1842 4416 decubitum
1863 4347 2050 4417 duldssimis
2073 4350 2159 4420 bisce

423 4452 582 4535 versibus,
600 4450 697 4519 veluti
714 4452 826 4535 cignea
846 4448 955 4533 aliqua
976 4449 1120 4515 modone
1139 4447 1212 4514 iecit
1232 4447 1485 4515 testatissimam:

907 4548 1352 4621 Qamdobrcoipraeseaamora
1369 4562 1411 4601 aas
1431 4560 1657 4617 qooqacpoacrc
1673 4548 1784 4617 citam

937 4636 1061 4691 sanese
1075 4635 1195 4691 iacerm
1209 4632 1303 4689 debita
1318 4638 1395 4689 cerro
1411 4648 1500 4689 noas:

908 4722 950 4779 ib
966 4721 1080 4777 Mariae
1090 4719 1138 4791 fili
1153 4721 1247 4791 panis
1263 4719 1386 4775 meaos·
1401 4720 1502 4791 impe,

942 4808 985 4863 Ta
1002 4808 1070 4863 arabi
1083 4822 1229 4864 marco
1244 4806 1342 4863 scortis
1360 4821 1447 4878 epona
1461 4818 1568 4877 precor.

524 5006 934 5077 nilotici-indueramus.

522 5094 790 5166 2)lmnqoliiqidii·

522 5181 554 5251 b)
571 5180 648 5237 lisca
663 5182 748 5239 rerba
764 5182 826 5252 ipsa
844 5197 861 5237 a
878 5180 1002 5238 Goclerffl
1021 5181 1143 5239 oudone
1160 5180 1284 5239 daumio
1301 5186 1374 5239 mat

523 5265 895 5340 s)s15so,idquoocx
913 5266 1037 5338 linquae
1055 5267 1375 5339 iniralaqunturpatct

522 5351 1353 5427 spmnualslcucbimqiasmtocmacromcmoar,
1381 5354 1462 5426 cuias
1489 5353 1604 5411 altam
1633 5358 1738 5427 purten
1764 5352 1934 5413 mudum
1959 5352 2075 5427 protulit
2100 5350 2156 5411 Dii.

426 5439 1835 5514 mutatnprimorerau,quibaecbabet:dioncatcnprocacaacaaaarcqaoqaapoaaraoitae.

1955 5548 1993 5611 ln
