5534 6984
2077 831 2171 924 'aa

395 1065 399 1072 ·
434 1036 596 1103 Gerardus
617 1033 647 1100 X
665 1035 809 1103 ianuarii
829 1037 920 1116 peste
940 1037 1101 1116 correptus
1122 1048 1161 1098 ae
1186 1031 1219 1098 in
1243 1049 1364 1101 summo
1386 1037 1503 1119 templo
1529 1038 1591 1104 tuit
1611 1039 1785 1108 tumulatum
1805 1047 1973 1124 perorante
1995 1041 2173 1110 Draconite.

434 1135 579 1218 Nigidius
601 1151 724 1217 quoque
746 1134 775 1200 ei
789 1135 817 1216 ¹)
836 1133 894 1200 hoo
914 1131 1072 1214 inscripsit
1093 1147 1218 1196 mrmen

918 1229 1023 1286 Called
1040 1229 1174 1285 neceas
1190 1235 1283 1286 acela
1301 1231 1460 1302 Neomoges
1478 1237 1506 1288 ct
1521 1231 1593 1289 aas·

950 1315 1046 1370 Iastia
1069 1314 1205 1371 Varronis
1222 1317 1267 1372 oe'r
1280 1317 1440 1388 polyhistor
1455 1323 1523 1375 eres

917 1397 1034 1454 &dulae
1051 1400 1104 1455 hoe
1119 1399 1214 1456 docuit
1227 1401 1354 1473 succedo
1368 1402 1518 1474 praeditae
1535 1419 1582 1460 ore

951 1483 1059 1540 Plehce's
1075 1491 1174 1556 potes
1188 1487 1417 1558 priocipshasqac
1433 1490 1511 1546 airis
1548 1483 1553 1490 ’

917 1569 988 1626 Post
1003 1586 1069 1627 ocro
1084 1587 1146 1627 acro
1156 1571 1219 1641 joas
1236 1574 1393 1630 wcccdeatc
1409 1579 1517 1631 senato

950 1655 1100 1726 Explicuit
1116 1673 1211 1714 sacros
1228 1675 1294 1715 cccc
1310 1661 1418 1715 colente
1433 1660 1525 1716 hhroa

916 1741 1050 1811 hispalis
1066 1743 1141 1798 citor
1152 1743 1215 1813 fait
1232 1745 1277 1801 hic
1294 1746 1423 1815 caeloque
1438 1743 1580 1812 ιιιιιιιᾱιιι,

951 1826 1048 1882 Gelae
1067 1843 1145 1897 quera
1162 1829 1241 1884 achia
1258 1830 1369 1886 Mortis
1386 1837 1464 1887 terro
1480 1830 1564 1887 dedit

916 1911 1026 1980 Htw)
1047 1912 1198 1981 licimhm'
1216 1913 1325 1970 dream
1344 1916 1490 1973 Proemls'e
1505 1917 1582 1983 mle,

953 1995 1021 2052 Octa
1038 1998 1185 2054 Moesorum
1200 2001 1300 2056 aalma
1314 2001 1390 2058 aleca
1408 2004 1494 2072 acqui.

919 2081 1039 2138 Tendere
1052 2091 1198 2162 percamus
1216 2085 1364 2156 longaevos
1379 2094 1505 2158 temporo
1521 2088 1596 2142 citae

952 2167 1073 2239 Optatos
1088 2173 1180 2242 coepit
1196 2173 1293 2228 monis
1310 2173 1383 2228 inire
1399 2174 1481 2228 odora

945 2376 1110 2446 loannes
1143 2381 1348 2450 Lonicerus
1377 2381 1663 2464 Ortheranus2).

518 2505 686 2572 Orthernio
699 2503 874 2572 Comitatus
887 2505 1129 2578 Mansleldensis
1147 2511 1296 2578 oriundus
1314 2513 1429 2596 oppido
1448 2529 1532 2578 anno
1547 2509 1789 2578 mccccxclx
1799 2512 1873 2590 post
1885 2509 1986 2591 prima
1999 2509 2175 2578 studiorum

435 2604 605 2688 tyrocinia,
633 2621 714 2686 quae
742 2604 774 2668 in
804 2603 911 2670 schola
940 2609 1046 2689 patria
1074 2611 1145 2692 paui
1171 2615 1204 2678 et
1229 2610 1391 2677 celeritate
1412 2617 1446 2677 ct
1469 2611 1620 2678 felicitate
1640 2614 1803 2692 posuerat,
1832 2625 1903 2674 cum
1926 2606 2038 2690 injusti
2071 2610 2175 2676 vitici

434 2721 574 2769 morosos
595 2703 736 2786 inprimis
755 2721 859 2770 mores
880 2703 1012 2790 fugeret,
1032 2707 1166 2774 Isiebiae
1184 2711 1363 2794 paupertati
1384 2711 1526 2792 quamuis
1546 2709 1719 2792 proximus,
1746 2705 1851 2773 studia
1871 2710 1978 2772 mmen
1998 2706 2105 2774 scdudo
2125 2713 2176 2774 est

433 2806 632 2884 persecutus,
659 2801 792 2882 aliisque
818 2799 958 2870 honestis
985 2803 1234 2874 adolescentibus
1261 2825 1391 2890 operam
1417 2809 1548 2890 locarit,
1575 2813 1614 2873 ut
1634 2806 1696 2873 hac
1711 2806 1854 2887 ratione,
1881 2822 1963 2886 quac
1989 2805 2032 2871 ad
2057 2807 2174 2872 rictum

434 2905 540 2966 essent
559 2900 751 2983 necessaria,
780 2907 982 2970 emereretur.
1027 2903 1237 2988 caeteroquin
1262 2925 1302 2973 ex
1321 2907 1384 2974 illis
1412 2907 1593 2990 pulveribus
1617 2905 1793 2974 scholarum
1814 2910 1849 2970 et
1867 2902 2014 2971 fortunae
2034 2905 2176 2972 adversis

434 2998 579 3083 procellis
608 2997 764 3066 eluctatus
790 3003 917 3082 portum
945 3001 1068 3068 demum
1095 3005 1199 3070 tenuit
1232 3005 1433 3089 quietiorem,
1459 3005 1661 3074 Academiam
1687 3005 1834 3070 munirem
1860 3001 2083 3069 Eriurdianam
2109 3009 2176 3070 tum

435 3097 585 3180 temporis
610 3114 673 3162 non
704 3096 877 3180 ingloriam.
925 3099 1007 3166 Hinc
1032 3101 1192 3168 discedens
1214 3103 1441 3188 Wittebergam
1467 3107 1592 3190 appulit
1618 3103 1752 3171 Luthari
1776 3106 1882 3168 motus
1904 3101 2002 3185 tama,
2030 3101 2088 3198 uhi
2112 3121 2175 3170 non
2243 3116 2250 3127 ·

436 3194 536 3261 solum
557 3196 641 3262 acuit
663 3195 869 3280 procuditquc
889 3197 1046 3282 linguam,
1076 3201 1131 3268 sed
1153 3207 1264 3285 pectus
1294 3221 1416 3286 quoque
1444 3205 1547 3287 ipsum
1567 3203 1775 3270 mximarum
1794 3218 1900 3268 rerum
1918 3205 1954 3266 et
1973 3200 2176 3284 plurimarum

436 3295 606 3378 suavitate,
635 3295 725 3377 copia
749 3301 782 3361 et
804 3297 959 3364 uarietate
981 3299 1028 3365 ita
1049 3301 1233 3385 complevit,
1254 3307 1291 3368 ut
1313 3303 1426 3386 diguus
1447 3302 1544 3370 tuerit
1564 3302 1706 3384 habitus,
1725 3300 1777 3367 cui
1797 3317 1868 3366 cum
1889 3317 2002 3382 magno
2022 3299 2078 3366 illo
2100 3301 2176 3368 (lor-

435 3393 523 3459 nario
544 3392 749 3477 philosophici
776 3395 912 3462 honores
929 3399 1059 3482 summi,
1089 3399 1142 3480 qui
1160 3399 1307 3484 Magistri
1334 3401 1427 3484 uulgo
1455 3402 1549 3469 titulo
1567 3407 1748 3482 censentur,
1773 3399 2017 3466 decernerentur
2036 3417 2120 3467 anno
2141 3400 2174 3468 S.

434 3491 573 3558 MDXXI
593 3491 665 3558 Jan.
685 3493 799 3560 XXIV.
841 3495 1048 3562 Postmodum
1068 3515 1189 3581 quoqne
1205 3500 1322 3582 rara⁴)
1344 3501 1479 3568 hominis
1491 3505 1525 3567 et
1539 3500 1696 3582 exquisite
1716 3515 1857 3582 prorsus,
1879 3515 1943 3580 qna
1967 3498 2177 3580 praecedebat

435 3591 485 3657 vel
505 3591 647 3673 maxime,
669 3591 851 3672 linguarum
871 3593 1007 3675 cognitio
1028 3595 1075 3660 ita
1096 3597 1236 3663 innotuit
1257 3597 1359 3664 doctis
1379 3599 1467 3681 vhis,
1485 3603 1524 3664 ut
1543 3597 1708 3680 Phihppus
1719 3595 1921 3677 Melanchtcn
1942 3600 1976 3660 ct
1993 3595 2176 3662 Joachimus

433 3689 636 3756 'Camerarius
656 3691 724 3773 ejus
745 3691 795 3756 uel
815 3692 955 3774 inprimis
976 3711 1071 3776 opera
1091 3695 1124 3760 in
1146 3696 1288 3778 augendo
1301 3697 1415 3764 lexico
1429 3696 1650 3763 Graeculotino
1663 3697 1838 3760 uterentur.
1878 3693 1982 3774 Atque
2000 3691 2074 3759 hinc
2093 3711 2177 3762 auno

435 3788 591 3854 MDXXII
616 3788 804 3871 Friburgum
831 3789 995 3874 Brisgciae
1024 3798 1171 3860 evocatus
1198 3812 1314 3861 aunum
1341 3795 1490 3864 Sanctam
1521 3795 1636 3862 ibidem
1663 3793 1803 3875 lingnam
1829 3791 1949 3874 docuit,
1976 3808 2038 3873 quo
2066 3799 2177 3860 exacto

434 3889 517 3954 circa
536 3905 652 3954 anuum
673 3887 845 3956 MDXXIII
862 3889 1109 3972 Argentoratum
1126 3891 1205 3958 abiit
1227 3899 1260 3960 ct
1281 3896 1327 3960 rei
1349 3894 1592 3977 typographicae
1610 3894 1644 3959 in
1663 3889 1855 3972 corrigendis
1875 3890 2054 3973 praetorum
2073 3893 2176 3975 operis

434 4003 551 4053 uacans
565 3985 701 4070 Phihppi
711 3985 941 4056 Melanchtonis
956 3989 1084 4057 hortatu
1099 3991 1236 4060 Gmecos
1250 3993 1414 4060 nonnullos
1432 3992 1552 4060 codices
1567 4009 1687 4059 sumam
1700 4008 1777 4058 cura
1793 3990 1945 4072 restituit,
1964 3988 2177 4075 familiamque

435 4083 520 4168 inihi,
542 4102 637 4152 uxore
657 4103 739 4152 auno
758 4086 892 4152 DXXIV
912 4087 1017 4170 docta,
1047 4087 1219 4156 collocavit.
1259 4092 1366 4174 acque
1387 4093 1468 4158 huuc
1490 4092 1522 4156 in
1541 4091 1668 4156 modum
1689 4091 1723 4156 in
1744 4087 1972 4171 Philosophicis
1991 4093 2025 4154 et
2045 4089 2176 4156 Thwlo

436 4183 512 4264 gicis
534 4183 644 4250 studiis
664 4189 823 4266 umsahm,
852 4202 948 4266 quum
970 4186 1155 4254 cruditionis
1184 4194 1217 4254 ct
1239 4189 1400 4257 doctrinae
1420 4190 1597 4272 collegisset
1613 4188 1675 4255 sihi
1694 4186 1826 4268 lamam
1852 4187 1886 4252 in
1908 4203 2021 4252 noram
2039 4186 2177 4254 scholam

436 4281 692 4364 Marpurgensem
712 4301 752 4350 cx
771 4283 1042 4367 Argentoratensi,
1062 4303 1123 4368 quc
1144 4304 1179 4353 sc
1195 4287 1404 4354 Francoimto
1416 4289 1460 4356 ad
1476 4289 1614 4355 Odorem
1626 4288 1655 4370 ὅ)
1676 4286 1748 4353 exui
1766 4287 1938 4367 receperat,
1959 4284 2043 4350 inter
2059 4286 2175 4368 primos

436 4398 499 4446 uua
519 4397 589 4448 cmn
610 4381 756 4448 Ferraria
779 4383 898 4449 accitus
920 4388 970 4448 est
990 4402 1073 4450 anno
1094 4383 1279 4453 MDXXVII
1299 4392 1431 4454 curante
1450 4387 1483 4454 id
1504 4386 1627 4454 loannc
1644 4385 1751 4452 hicine
1768 4383 1905 4450 Hassiac
1917 4381 2120 4466 Cancelluuio,
2139 4390 2177 4451 ut

434 4477 530 4570 inea
550 4479 688 4546 Graecas
716 4480 827 4548 literas
857 4481 968 4548 addite
993 4487 1104 4565 postea
1122 4483 1218 4551 etiam
1239 4483 1269 4551 S.
1293 4485 1435 4568 Linguae
1461 4486 1597 4554 lectione
1626 4482 1749 4568 publice
1772 4481 1908 4548 doceret.
1949 4481 1988 4549 Id
2006 4481 2093 4564 quod
2112 4500 2176 4550 non

437 4577 508 4643 viva
528 4577 630 4644 solnm
650 4595 735 4660 voce,
755 4579 812 4646 scd
834 4585 867 4646 et
887 4581 1011 4664 scriptis
1031 4582 1126 4648 etiam
1140 4585 1365 4650 amoenissimis
1377 4585 1493 4668 ingenii
1505 4589 1540 4651 et
1553 4583 1628 4650 fidei
1639 4581 1854 4649 sanctssimac
1866 4579 2000 4648 testibus
2013 4582 2173 4664 praestitit

541 4756 682 4825 1)Tilem.
702 4766 735 4826 ct,
753 4758 803 4815 scd
820 4761 853 4827 ci,
870 4759 958 4818 minus
973 4763 1118 4832 perspicue
1136 4769 1277 4821 exaratum
1294 4765 1323 4820 iu
1341 4764 1411 4838 cod,
1427 4762 1573 4834 legendum
1591 4777 1653 4819 esee
1671 4765 1757 4832 patet

541 4843 571 4911 2)
590 4842 673 4912 Apud
690 4843 829 4914 Nigidium
844 4846 970 4916 (Ehench.
989 4847 1105 4918 profess.
1122 4847 1198 4905 acad.
1217 4849 1306 4920 hlarp.
1325 4850 1381 4906 rite
1398 4849 1593 4906 detunctorum
1618 4847 1707 4916 Marp.
1725 4847 1794 4902 cett
1815 4849 1889 4901 lost.
1907 4861 1934 4915 p.
1952 4845 2000 4914 23)
2017 4849 2106 4901 exsut
2123 4848 2176 4904 hic.

544 4929 574 4997 3)
593 4927 678 4985 Usum
696 4945 758 4987 esse
770 4930 919 4987 Dilichium
935 4931 1086 4989 Boieeorda‘
1103 4933 1227 4990 iconibus
1242 4935 1360 4991 virorum
1374 4935 1529 5002 hlmtrinm,
1546 4933 1625 4990 cuius
1636 4931 1701 4987 libri
1712 4932 1795 4987 tertia
1808 4945 1873 5000 pers
1884 4929 2055 4985 hencolurti
2070 4944 2095 4988 e.
2109 4935 2177 4989 1698

437 5011 512 5068 edite
531 5027 558 5082 p.
578 5015 715 5070 los-194
733 5015 859 5072 Louiccri
877 5016 959 5072 vitam
977 5018 1106 5086 continet,
1123 5020 1186 5088 ipse
1202 5019 1288 5076 verbs
1304 5018 1377 5076 haud
1395 5036 1457 5077 raro
1475 5022 1547 5076 inter
1564 5033 1595 5074 ae
1615 5016 1793 5088 congruentia
1810 5014 1916 5072 docent
1952 5013 2119 5084 Quemquam
2136 5019 2177 5073 uti

407 5085 410 5094 ’
437 5097 519 5154 seen
537 5098 939 5168 accusationemque
957 5103 1081 5159 cerasa
1099 5103 1198 5173 philos.
1217 5103 1344 5162 nasoon.
1363 5121 1388 5162 a
1402 5108 1470 5164 1a1c
1485 5106 1603 5175 panum
1620 5101 1710 5173 eura
1728 5102 1775 5174 qui
1786 5103 1943 5171 sesama
1954 5099 2037 5157 ιιιιιιι
2048 5101 2175 5160 nomas

438 5183 610 5241 eBoissardi
627 5185 698 5241 libro
715 5185 775 5242 lere
791 5187 997 5258 hausscriptem
1014 5187 1133 5244 exhibet.

540 5269 571 5339 4)
589 5270 657 5326 Post
674 5271 792 5340 priorem
809 5273 943 5344 syllabam
960 5273 1120 5330 intermeat
1137 5275 1226 5345 imago
1245 5275 1380 5332 Lonicerh
1566 5315 1576 5333 .

540 5356 571 5424 h)
587 5353 642 5412 itit.
662 5356 715 5426 sihi
731 5371 787 5412 non
804 5363 919 5428 constat,
936 5375 997 5414 cum
1013 5363 1095 5414 antea
1104 5359 1251 5416 Boiesardo
1269 5365 1382 5415 sudore
1395 5357 1556 5414 Loniccrum
1570 5355 1704 5427 Friburgo
1719 5356 2040 5428 Argentoretnmahilsac
2055 5355 2176 5415 dimmst

439 5437 617 5496 Francohrrtc
648 5438 683 5496 nd
707 5439 839 5497 viadrum
871 5441 969 5498 relicte
993 5457 1054 5498 eum
1077 5444 1289 5515 Argentoratum
1316 5458 1347 5501 ac
1377 5445 1528 5514 recepisse,
1558 5442 1736 5498 'liternennus
1757 5459 1786 5512 p.
1809 5446 1843 5498 77
1866 5443 2001 5499 convincit
2022 5443 2176 5500 testimonio

438 5523 577 5580 Heiderici
594 5524 741 5594 Theophili
759 5525 893 5597 mulceri,
911 5525 1026 5585 loannis
1044 5527 1071 5599 t,
1090 5529 1119 5586 in
1134 5529 1276 5588 ιιιιιιιιῑῆιιιι
1293 5529 1432 5586 ιωιιΙῑιιίιι
1449 5528 1549 5598 philos.
1567 5525 1645 5584 acad
1663 5527 1750 5584 hiarh.
1767 5541 1826 5586 rem
1843 5529 1987 5598 mentia

1947 5633 1968 5693 l
