5534 6984
1069 942 1285 1011 Theodorus
1315 942 1485 1027 Vietorl)

1196 1048 1348 1105 Licbensia.

501 1196 561 1262 liic
574 1194 753 1262 Christiano
765 1192 895 1259 Victore
907 1195 940 1258 et
952 1190 1125 1259 catharina
1138 1189 1296 1273 smplerm
1309 1190 1495 1273 parentibus
1509 1190 1634 1273 optimis
1648 1192 1690 1259 ad
1702 1211 1820 1260 annum
1835 1194 1952 1261 christi
1962 1192 2144 1261 Mbuxvll

404 1301 499 1363 natus
519 1300 553 1362 et
572 1296 606 1362 in
628 1295 747 1377 pietate
764 1296 798 1359 et
819 1291 919 1357 literis
938 1290 1099 1373 praeclare
1119 1291 1283 1357 institutus
1307 1294 1368 1355 est
1417 1290 1499 1355 Hinc
1526 1308 1587 1372 quo
1616 1310 1698 1358 anno
1725 1312 1903 1375 supremam
1923 1292 2145 1377 Philosophiae

404 1396 544 1463 laurmm
564 1393 727 1477 Marpnrgi
753 1391 949 1472 impetravit,
978 1390 1089 1457 eodem
1117 1390 1228 1471 etiam,
1257 1390 1403 1455 nimirum
1423 1388 1618 1471 MDXXGV,
1647 1408 1665 1457 e
1693 1393 1796 1473 putria
1819 1393 1976 1461 Caesellas
1996 1397 2144 1460 evocatura

400 1496 559 1579 juventuti
580 1493 760 1561 liberalibus
787 1489 910 1555 artibus
938 1488 1148 1555 instituendae
1174 1490 1208 1555 iu
1234 1488 1340 1555 schola
1369 1488 1424 1555 illa
1450 1494 1518 1555 tum
1543 1489 1657 1557 celebri
1679 1490 1860 1558 cassellsna
1881 1511 1979 1560 annos
2001 1492 2146 1559 undecim

405 1614 534 1678 operam
553 1595 657 1675 dedit,
686 1590 883 1657 connectaris
903 1606 1033 1654 munere
1056 1594 1211 1670 suscepto.
1253 1588 1458 1655 Postmodum
1480 1606 1562 1654 auno
1583 1588 1732 1656 MDXCV
1754 1610 1773 1657 a
1794 1592 1933 1659 ciameri
1955 1592 2043 1658 obitu
2064 1590 2145 1657 banc

404 1696 580 1779 principum
599 1697 633 1759 et
651 1690 838 1757 Academiae
856 1694 984 1770 patrum
1005 1706 1158 1753 consensu
1178 1688 1311 1770 sumpsit
1331 1706 1477 1769 operam,
1506 1693 1543 1753 ut
1565 1688 1701 1755 Graecas
1722 1690 1848 1773 literas,
1877 1691 1990 1773 quibus
2011 1690 2145 1757 omnium

405 1796 616 1862 doctrinarum
644 1791 778 1857 debetur
803 1788 959 1869 inventio,
988 1788 1116 1853 doceret
1144 1788 1178 1852 in
1203 1787 1373 1853 Academia
1400 1787 1531 1869 publice.
1584 1789 1684 1867 Quam
1712 1808 1802 1855 suam
1829 1790 2020 1873 provinciam
2047 1806 2145 1856 annos

404 1896 523 1961 multos
551 1910 619 1958 cum
646 1889 738 1955 laude
764 1888 933 1969 sustinuit,
972 1887 1005 1953 in
1036 1904 1135 1969 eaque
1164 1888 1299 1969 optimos
1331 1904 1472 1969 quosque
1502 1886 1641 1954 Graecos
1672 1890 1835 1971 authurae,
1874 1890 2041 1971 praecipue
2071 1906 2145 1953 nero

405 1996 576 2061 Isocratem
603 1994 653 2069 et,
691 1989 777 2071 cnjus
807 1988 941 2053 lectione
973 2004 1008 2053 se
1039 2004 1235 2068 summopere
1267 1986 1462 2067 oblectabat,
1499 1986 1670 2053 Homerum
1705 1988 1771 2054 iere
1798 1990 1954 2069 integrum
1983 1988 2146 2071 perspicue

405 2092 587 2177 explicavit,
617 2088 705 2170 cujus
731 2092 764 2152 et
785 2086 958 2168 Odysseam
978 2087 1093 2152 Latino
1115 2085 1243 2151 heroico
1270 2088 1409 2151 carmine
1436 2084 1477 2151 ad
1505 2086 1606 2153 vivum
1629 2090 1792 2171 expressit.
1847 2089 2019 2153 Testantur
2040 2092 2146 2153 autem

406 2196 474 2276 cius
494 2193 528 2257 in
547 2191 671 2271 Lingua
688 2187 810 2253 Graeca
830 2186 970 2252 docenda
990 2186 1083 2252 fidem
1103 2186 1270 2251 etiamnum
1290 2192 1434 2251 extantes
1454 2184 1695 2269 lucubrationes,
1718 2194 1752 2253 ut
1771 2190 1806 2253 ia
1827 2189 1979 2269 insignem
1996 2188 2146 2253 Platonis

404 2292 590 2375 Dialoqam,
611 2290 667 2370 qui
680 2288 860 2370 Eulhyphr.
880 2286 930 2351 rel
945 2287 985 2351 de
998 2286 1176 2353 Sanatitme
1189 2286 1379 2368 inscribitur,
1399 2292 1510 2353 uotae:
1533 2292 1565 2351 et
1586 2288 1618 2353 in
1635 2306 1766 2353 aureum
1780 2288 1950 2354 Plutarchi
1958 2286 1988 2369 ²)
2008 2286 2146 2353 libellum

405 2393 649 2461 coadunatione
671 2389 843 2455 liberarum
865 2388 1012 2453 diversae
1034 2386 1261 2469 paraphrases
1281 2391 1311 2451 et
1333 2386 1496 2469 Aualpsos
1523 2385 1635 2451 editae.
1686 2388 1818 2453 Prostat
1843 2392 1877 2452 et
1903 2388 2050 2453 Examen
2078 2386 2145 2467 ejus

404 2494 610 2561 saetosam
627 2494 782 2571 perpetua
802 2486 969 2552 authorum
995 2486 1222 2568 propemodum
1239 2486 1391 2567 omnium,
1420 2488 1472 2568 qui
1493 2486 1525 2551 in
1546 2486 1746 2553 Rhetorieam
1767 2486 1916 2569 Talaei⁸)
1945 2487 2146 2567 scripserunt,

404 2594 588 2672 collatione,
607 2607 690 2669 auno
705 2586 888 2653 llDllchI
905 2591 1051 2651 accurate
1069 2586 1253 2667 expositum.
1295 2586 1386 2650 Auno
1406 2590 1572 2666 praeterea
1588 2586 1692 2651 Dclll
1712 2593 1786 2668 post
1804 2586 1958 2653 Farinarii
1980 2604 2148 2669 excessum,

404 2690 569 2781 principali
589 2688 739 2754 mandato
759 2685 963 2766 Paedagogeo
985 2703 1108 2767 quoque
1128 2684 1306 2767 praelectus
1326 2690 1359 2750 ct
1379 2683 1420 2749 ab
1440 2684 1646 2767 Hartmanuo,
1670 2687 1722 2767 qui
1744 2692 1812 2751 tum
1836 2686 1984 2768 temporis
2005 2684 2147 2751 Rectaris
2234 2720 2241 2741 .

404 2792 593 2875 [ungebatur
614 2805 755 2867 munere,
781 2786 903 2869 publice
923 2786 1123 2851 renunciatus
1144 2790 1194 2850 est
1213 2783 1322 2865 homo,
1351 2782 1402 2849 cui
1422 2786 1542 2851 nescias
1563 2788 1702 2869 majorne
1723 2786 1883 2851 doctrinae
1905 2790 2001 2868 atque
2022 2784 2146 2865 ingenii,

405 2914 447 2961 an
465 2910 541 2959 sero
560 2887 769 2955 humanitatis
790 2886 859 2951 laus
887 2884 1055 2950 tribuenda
1084 2884 1135 2950 sit.
1184 2883 1266 2949 Nam
1297 2883 1338 2949 de
1361 2883 1518 2951 industria
1546 2885 1578 2951 in
1605 2885 1801 2951 instituenda
1825 2889 1933 2950 aetate
1958 2884 2087 2967 juvenili
2115 2890 2148 2949 et

406 2992 558 3059 acerrimo
576 2989 642 3071 ejus
665 2987 768 3053 studio
789 2986 840 3051 hia
859 2986 987 3068 quidem·
1005 2984 1106 3050 dicere
1126 2983 1171 3049 nil
1192 2984 1319 3048 attinet.
1371 2982 1475 3065 Opera
1505 2984 1576 3065 ipsa
1602 2989 1634 3050 et
1661 2984 1751 3051 labor
1781 2983 1969 3065 indefessus,
2000 3002 2094 3065 quem
2115 2982 2149 3049 in

405 3091 536 3159 infinitis
558 3086 783 3171 propemodum
805 3086 880 3150 siris
902 3084 1002 3150 doctis
1022 3084 1114 3165 quasi
1133 3102 1228 3149 manu
1246 3082 1402 3164 fingendis
1421 3088 1470 3149 tot
1487 3101 1585 3151 annos
1605 3086 1719 3166 posuit,
1741 3084 1831 3149 istius
1853 3084 1900 3149 rei
1918 3088 1993 3149 sunt
2013 3100 2148 3164 gnomon

407 3197 502 3274 atque
531 3188 640 3269 regula
670 3206 734 3252 nan
763 3205 853 3251 secus
884 3204 923 3252 ac
958 3190 1062 3250 motus
1094 3184 1162 3265 ipsc
1198 3183 1334 3264 indicat,
1373 3182 1556 3248 didiceritne
1590 3184 1704 3267 aliquis
1732 3184 1922 3265 palaestram
1952 3200 1992 3247 an
2020 3180 2147 3246 nesciat.

408 3288 618 3369 caeteroquin
637 3292 763 3369 praeter
781 3286 921 3351 ltectoris
941 3302 1068 3367 munus,
1088 3301 1151 3365 quo
1171 3300 1252 3348 anno
1275 3281 1424 3347 1111)(11111
1444 3282 1645 3347 laudabiliter
1666 3283 1833 3349 defunctus
1855 3294 1921 3363 est,
1953 3282 2047 3347 ctiam
2065 3282 2148 3345 vices

409 3387 551 3457 Rectoris
573 3386 738 3467 crucigero
758 3387 791 3451 in
809 3384 1049 3450 Dordrechtanu
1070 3382 1188 3465 synodo
1209 3382 1338 3447 absente
1364 3399 1421 3462 per
1441 3398 1563 3447 mensus
1589 3380 1655 3448 iere
1684 3400 1793 3447 novem
1824 3381 1922 3463 probe
1945 3380 2096 3445 sustinuit
2106 3378 2149 3463 ⁴),

408 3494 444 3557 et
462 3488 584 3569 collegii
605 3484 814 3567 Philosophici
834 3483 1038 3549 Decuricnem
1066 3482 1131 3563 egit
1158 3487 1288 3563 quater,
1314 3498 1397 3545 anno
1425 3480 1569 3545 videlicet
1588 3480 1783 3563 MDXCVII,
1812 3499 1872 3563 quo
1895 3480 1994 3562 pestis
2017 3480 2149 3545 saeuitia

408 3588 578 3655 Academia
597 3586 723 3669 penitus
744 3584 896 3667 dissipata
919 3582 996 3662 iuit,
1015 3580 1117 3661 DcV,
1138 3580 1226 3647 DCX
1245 3585 1278 3645 et
1299 3579 1429 3662 denique
1451 3579 1581 3646 ucxvl
1593 3582 1636 3663 ⁵).
1686 3582 1749 3648 Sub
1772 3581 1872 3663 ipsius
1895 3578 1998 3661 effigie
2019 3578 2149 3661 Eglinus

893 3683 948 3738 Est
971 3681 1065 3735 Victor
1081 3696 1143 3735 aere
1164 3678 1324 3735 theodone
1340 3680 1448 3733 warine
1465 3694 1553 3749 reque,

930 3767 1019 3837 Quam
1037 3774 1120 3837 typus
1136 3768 1189 3821 rste
1204 3766 1304 3835 refert,
1320 3766 1365 3819 air
1378 3766 1483 3834 pictate
1496 3767 1598 3835 prauis,

894 3854 1041 3924 Gymnasii
1059 3854 1171 3920 Rectus,
1195 3853 1306 3923 linquae
1326 3852 1500 3920 Graecaeque
1518 3852 1668 3923 Professor

926 3940 1041 3997 Δηῶω
1058 3938 1184 3997 acratas
1204 3938 1410 4009 meamque
1427 3938 1521 3993 bonus.

1011 4203 1304 4287 christophorus
1331 4203 1554 4271 llulduerus

509 4332 876 4418 Spangeubergensis⁸)‚
903 4334 1079 4401 Medicinae
1099 4337 1233 4418 Doctor,
1262 4335 1368 4420 Majiri
1396 4334 1521 4401 labores
1548 4334 1589 4400 ab
1610 4333 1751 4416 eiusdem
1773 4331 1861 4398 obitu
1883 4346 1964 4395 anno
1986 4324 2150 4391 MDXch

411 4438 446 4505 iu
463 4454 569 4503 rerum
588 4436 784 4542 naturalium
803 4435 972 4501 reconditis
993 4452 1069 4500 sane
1087 4440 1183 4517 atque
1201 4436 1318 4502 abditis
1344 4436 1463 4503 caussis
1491 4432 1688 4517 exquirendis
1709 4440 1742 4498 et
1762 4429 1951 4513 explicandis
1963 4427 1996 4512 1)
2020 4426 2148 4537 excepit.

412 4537 565 4703 §mg
580 4536 689 4700 iffi>
716 4543 804 4617 post,
837 4535 1000 4601 undecimo
1028 4534 1170 4601 ianuarii
1196 4542 1229 4603 et
1257 4554 1370 4602 munus
1399 4542 1432 4601 et
1460 4536 1556 4601 vitam
1586 4534 1730 4617 reliquit,
1761 4532 1851 4614 eujus
1877 4534 1986 4613 partes
2015 4530 2151 4607 suscepit

513 4788 542 4847 1)
562 4784 602 4837 ct.
616 4788 728 4853 praeter
745 4782 912 4839 Striedernm
933 4784 1030 4839 Weber
1047 4784 1145 4841 (laceb
1165 4781 1191 4839 d.
1207 4782 1291 4839 audi.
1308 4781 1551 4838 celebrtenschuls
1568 4798 1602 4836 au
1619 4780 1713 4835 cassel
1728 4796 1760 4849 p.
1779 4782 1814 4835 90
1832 4794 1872 4847 sq.

513 4870 544 4938 2)
561 4870 653 4937 lunago
669 4869 796 4924 Victoris.

424 4942 427 4949 '
512 4956 542 5025 s)
560 4954 731 5010 aarum
742 4955 860 5011 numus
872 4955 1086 5028 (umerum),
1104 4956 1391 5012 malesuasus.
1404 4957 1481 5025 usae,
1500 4960 1610 5024 precer
1622 4952 1796 5023 cremasse
1814 4952 1998 5007 russusones
2016 4950 2149 5007 creusa

413 5063 436 5104 a
452 5041 639 5109 Rhetoriaam,
657 5041 688 5097 P.
704 5040 783 5096 11ιωί
800 5040 921 5109 resb'glls
936 5036 1075 5112 malms}
1092 5042 1249 5113 cujuslibet
1265 5057 1352 5113 usqne
1369 5040 1406 5099 cd
1422 5040 1503 5097 tinam
1523 5039 1624 5096 saeonli
1643 5038 1709 5095 XVI
1727 5038 1960 5109 frequentissimas
1978 5044 2036 5093 erat
2053 5052 2127 5093 usus.

512 5132 544 5189 1)
562 5126 692 5195 cruciger
707 5126 832 5183 Rectoris
850 5142 962 5183 munere
979 5132 1086 5186 iunctm
1101 5136 1145 5185 est
1161 5130 1239 5187 annis
1258 5132 1326 5185 1618
1341 5135 1370 5184 et
1390 5132 1464 5185 1619.

512 5217 542 5279 b)
561 5212 676 5268 Parrum
698 5214 818 5283 spatium
837 5228 951 5269 vacnum
972 5215 1102 5283 sequitur.
1127 5246 1162 5257 -
1188 5214 1221 5270 A.
1241 5214 1309 5271 1839
1332 5216 1429 5271 Vletor
1453 5228 1563 5271 munere
1593 5228 1623 5271 se
1647 5214 1795 5285 abdicavit,
1819 5221 1943 5271 mortuus
1968 5220 2009 5269 est
2033 5210 2152 5267 Pistorio

414 5304 527 5357 camora
543 5316 568 5355 a
589 5302 669 5368 1644,
687 5298 825 5355 Striedaro
843 5306 929 5370 teste,
948 5302 994 5371 qui
1012 5301 1135 5356 oratiam
1151 5300 1258 5357 Arnebri
1275 5299 1304 5357 in
1319 5316 1382 5357 sum
1400 5302 1576 5359 habitamus
1594 5308 1649 5373 est,
1668 5318 1692 5359 a
1712 5306 1788 5360 1645.

513 5386 545 5458 6)
560 5386 694 5443 Pistoriae
711 5392 741 5443 st
756 5385 878 5443 Strieder
896 5402 959 5443 cum
977 5387 1164 5445 Casuellanum
1181 5386 1282 5445 dicunt
1380 5392 1411 5461 l)
1428 5388 1519 5447 Locus
1537 5388 1669 5459 imaginis
