5534 6984
1026 1045 1327 1127 christophorus
1355 1046 1564 1111 heremarus

1191 1174 1404 1243 ldarpnrgenaia.

546 1324 658 1391 Jacobi
669 1324 815 1391 lersneri
826 1324 1012 1391 Academiae
1028 1324 1279 1391 ldoocancellarii
1300 1329 1334 1392 et
1351 1324 1537 1409 professoris
1557 1320 1658 1391 irater
1679 1344 1746 1393 cum
1765 1345 1822 1409 par
1836 1347 1936 1397 annos
1955 1332 1987 1399 in
2002 1332 2172 1403 Academia

423 1422 583 1490 docuisset
601 1424 720 1506 aliquot
741 1442 780 1489 ea
802 1424 913 1489 relicta
933 1424 967 1489 in
986 1422 1146 1490 Ducatum
1167 1423 1436 1507 Megapolitanum
1456 1423 1610 1491 concessit
1630 1423 1671 1489 ab
1692 1424 1760 1507 ejus
1787 1424 1931 1513 Principe
1953 1432 1985 1496 in
2006 1451 2172 1503 numerum

423 1520 679 1589 consiliariorum
699 1522 832 1605 electus,
861 1523 916 1589 ubi
935 1541 1056 1589 summa
1080 1524 1110 1588 ei
1131 1540 1206 1589 cura
1226 1522 1287 1589 luit
1303 1523 1490 1609 judiciorum
1512 1524 1817 1609 constituendorum,
1845 1545 1906 1609 quo
1934 1532 2058 1597 nomine
2084 1540 2172 1601 terra

423 1623 487 1689 ista
515 1622 547 1689 ei
574 1621 669 1687 debet
696 1620 873 1703 plurimum.
923 1622 1001 1689 Inde
1024 1621 1237 1703 Brunsuigum
1256 1622 1390 1689 contulit
1418 1640 1504 1705 sese,
1531 1621 1647 1691 ibidem
1674 1622 1801 1705 Syndici
1828 1624 1929 1695 officio
1956 1626 2082 1699 lunatis
2109 1632 2172 1701 loci

422 1721 642 1788 commoditate
669 1719 808 1787 adactus.
864 1720 926 1789 Sed
953 1740 1051 1803 quum
1083 1721 1235 1803 imprimis
1263 1722 1347 1789 vitae
1376 1722 1540 1802 quietioris
1554 1724 1581 1807 ¹)
1619 1740 1724 1789 amors
1761 1728 1935 1809 teneretur,
1966 1726 2171 1814 Marpurgum

423 1819 527 1901 rediit,
544 1824 581 1885 ut
598 1818 703 1885 ammo
719 1818 894 1885 lorensibus
916 1820 1050 1903 negotiis
1071 1819 1193 1887 deluso
1215 1839 1292 1887 eura
1311 1824 1410 1903 atque
1426 1821 1532 1887 labore
1552 1840 1670 1891 vacuus
1690 1824 1811 1891 viveret
1832 1824 1936 1895 isthic.
1978 1826 2061 1897 Hine
2076 1850 2169 1915 porro

422 1919 520 1986 rebus
539 1918 585 1984 ita
604 1918 671 1985 suis
689 1918 923 2002 postulantibus
944 1918 1148 2003 Fridbergam
1167 1920 1260 2003 abiit,
1284 1920 1339 1987 ubi
1364 1920 1481 2003 Aprilis
1502 1920 1549 1987 XI
1567 1939 1651 1990 anuo
1674 1922 1813 1991 unum
1834 1926 1913 1993 satis
1934 1924 2008 1995 lecit
2038 1935 2170 1999 natmae

424 2017 524 2085 trihus
544 2018 635 2083 annis
656 2018 858 2103 octogenario
879 2018 995 2101 major,
1022 2020 1070 2083 vir
1094 2020 1129 2084 in
1152 2020 1234 2102 jnris
1261 2020 1662 2103 manutenementum,
1689 2024 1857 2105 maritatis
1879 2043 2012 2109 magnae
2034 2033 2067 2095 et
2088 2030 2170 2097 anti-

423 2117 553 2199 quitatis
573 2116 714 2199 apprime
735 2117 904 2185 studiosus.
944 2118 995 2183 De
1015 2118 1110 2202 hujus
1129 2118 1331 2185 benemeritis
1353 2119 1398 2184 sic
1420 2118 1618 2187 Hermannus
1640 2121 1829 2191 Fabronius:

908 2216 1096 2288 Morporpum
1108 2219 1201 2289 priua,
1218 2224 1301 2289 atque
1318 2218 1478 2287 Mapopolia
1495 2216 1566 2287 inde.
1584 2218 1681 2277 Mose

940 2302 1139 2369 ancoieasa,
1158 2302 1267 2358 tardos
1285 2303 1507 2375 Fhidsqueberpo
1526 2311 1609 2373 tenen

848 2456 853 2465 Ι
909 2387 1018 2458 Quoto
1038 2388 1254 2458 &cristophorus
1271 2385 1424 2445 &merses
1443 2404 1552 2445 munere
1569 2390 1670 2461 ἀέροηιε

942 2474 1033 2544 Iopas
1050 2475 1145 2530 oebalo
1159 2481 1274 2545 praesto
1292 2476 1396 2531 vicerit
1412 2477 1496 2545 inpos
1510 2477 1589 2545 foro.

908 2560 1593 2631 Domitodepobiomeaituabeoaoinm‘t,
1612 2564 1683 2618 idaeo

942 2649 968 2701 A
983 2648 1081 2717 patrio
1098 2647 1197 2702 sumto
1211 2648 1362 2716 portiom
1378 2654 1445 2703 coto
1462 2650 1545 2718 cupit

1072 2881 1257 2964 Aegidins
1286 2881 1521 2948 Mommerius

1188 3012 1400 3080 Linthurgansis.

548 3164 627 3230 Cum
647 3181 730 3231 auno
751 3164 867 3231 MDLV
890 3164 1101 3247 amplissimos
1121 3164 1155 3229 in
1176 3167 1309 3245 utroque
1325 3164 1399 3245 jure
1419 3162 1583 3245 dignitatis
1599 3164 1777 3231 conterente
1795 3166 2007 3251 Oldendorpio
2027 3170 2165 3252 adeptus

421 3269 506 3330 esset
524 3263 657 3331 honores
670 3266 734 3331 ts.
758 3271 792 3331 et
808 3265 952 3348 justitiae
966 3264 1070 3331 cultor
1082 3262 1261 3342 scaminus,
1281 3280 1343 3327 non
1355 3260 1577 3329 adumbratam
1596 3264 1714 3345 gloriae
1728 3264 1895 3346 imaginem
1910 3268 1966 3333 sed
1979 3267 2166 3334 eminentem

421 3364 548 3430 virtutis
575 3364 711 3447 effigiem
739 3369 941 3432 consectatus
965 3368 1122 3445 perpetuo
1149 3362 1183 3427 in
1212 3360 1272 3427 bac
1298 3360 1468 3427 Academia
1497 3362 1602 3429 docuit
1629 3362 1770 3445 publice,
1805 3366 1905 3431 donec
1933 3366 1973 3431 ab
2001 3366 2165 3434 illustriss.

419 3463 589 3531 Juliaoensi
608 3464 752 3547 Principe
772 3481 854 3530 anuo
875 3463 1027 3529 MDLIIX
1047 3466 1195 3528 moestus
1216 3476 1236 3524 a
1261 3460 1390 3524 minutis
1418 3466 1452 3525 et
1481 3462 1626 3541 angustis
1655 3462 1939 3529 concertationibus
1969 3464 2165 3533 scholasticis

419 3564 555 3645 mentis:
565 3564 820 3629 exercitationem
848 3562 888 3629 ad
908 3578 1039 3629 caussas
1064 3558 1228 3625 Forenseis
1256 3557 1290 3623 in
1325 3556 1548 3639 augustissimo
1575 3559 1700 3641 Imperii
1729 3560 1908 3645 tribunali,
1944 3564 2027 3645 quod
2055 3566 2165 3646 Spirae

419 3663 584 3729 Nemetum
604 3668 672 3745 est,
701 3660 934 3745 cognoscendas
961 3664 1056 3743 atque
1084 3654 1323 3723 eomdtueadas
1354 3654 1511 3739 traduxit,
1544 3656 1576 3721 in
1605 3676 1769 3725 numerum
1789 3660 1994 3729 assessorum
2016 3662 2165 3730 Gamerae

419 3762 569 3844 adscitus,
589 3765 626 3827 ut
646 3780 710 3827 non
728 3760 884 3827 immerito
904 3758 1050 3840 Nigidius
1070 3756 1129 3823 hac
1147 3754 1303 3820 hominem
1322 3753 1499 3821 mundasse
1517 3754 1611 3823 laude
1632 3756 1784 3825 videatur.

903 3855 1181 3925 Mommsenio
1196 3853 1298 3909 maltos
1313 3854 1458 3922 meronie
1476 3858 1503 3907 et
1519 3869 1577 3922 ore,

937 3941 1009 3999 Jura
1025 3941 1157 4011 biparm
1176 3941 1224 4009 oui
1238 3940 1353 4003 rimmo,
1370 3939 1454 3995 viros.

903 4030 957 4085 Jaa
973 4027 1069 4085 docuit
1085 4026 1181 4083 &aare
1198 4026 1293 4081 noim
1310 4024 1483 4091 monsone,
1502 4024 1593 4095 ipsam

937 4114 1075 4169 Doctrina
1085 4112 1214 4181 iuvenem
1232 4116 1274 4167 tot
1288 4126 1421 4181 euperem
1435 4124 1519 4165 amca.

902 4200 1033 4256 dulim
1047 4198 1183 4268 Princeps
1204 4212 1335 4252 reoocosrs
1351 4197 1423 4251 hooc
1442 4210 1508 4249 moa
1527 4192 1678 4249 Gulielmtos

937 4284 1028 4338 Asiae
1043 4284 1115 4337 inter
1128 4298 1258 4353 proceres
1269 4281 1358 4350 janam
1373 4280 1473 4336 habere
1490 4280 1586 4335 locum·
1598 4279 1621 4345 ¹)

904 4368 980 4424 Hinc
997 4368 1110 4439 Sponsa
1126 4370 1213 4436 remit,
1234 4368 1356 4423 Romae
1372 4364 1442 4433 w)
1463 4364 1590 4419 caeam
1607 4364 1678 4419 inter

941 4454 993 4509 Tot
1008 4453 1102 4511 eodm
1118 4453 1224 4511 aaron
1236 4452 1306 4523 juro
1318 4450 1438 4521 suendo
1454 4456 1559 4520 patrm

902 4538 978 4595 Deio
991 4541 1118 4609 passos
1133 4546 1257 4612 repetens
1270 4538 1358 4609 perio
1368 4536 1539 4605 demandabat
1556 4535 1646 4601 oanis,

938 4624 1057 4679 Nelidae
1075 4624 1175 4697 &pus
1191 4626 1296 4681 oleum
1313 4622 1387 4677 aeolo
1403 4624 1483 4679 scam.
1493 4620 1520 4690 ⁴)

1067 4858 1273 4941 wigandus
1303 4859 1517 4942 Happalius.

542 5022 644 5091 Natus
664 5021 830 5108 Marpurgi
850 5022 1022 5093 Hessorum
1041 5042 1125 5091 anno
1145 5022 1302 5089 MDXXII
1321 5026 1412 5106 patre
1433 5017 1588 5103 Wigando
1605 5014 1759 5101 Happelio
1782 5016 1848 5081 viro
1865 5010 1990 5081 Ordinis
2004 5012 2161 5081 Senatorii

418 5120 602 5191 Consularis
624 5140 721 5207 quum
750 5124 783 5187 in
807 5122 916 5207 patria
937 5123 1044 5191 schola
1064 5123 1246 5192 adolescens
1266 5120 1419 5209 Grumum
1440 5125 1473 5187 ct
1493 5118 1642 5185 Latinam
1671 5116 1811 5199 linguam
1831 5112 1957 5195 egregie
1978 5110 2162 5193 imbibisset

417 5222 591 5291 lovanium
609 5222 690 5291 abiit
709 5240 792 5289 anno
812 5221 869 5291 ch.
887 5222 1095 5305 Momm,
1122 5222 1264 5290 ubitam
1283 5220 1414 5301 insignis
1435 5216 1676 5287 Mathematicus
1698 5214 1829 5283 &mma
1851 5210 1972 5279 Frisios
1993 5216 2028 5281 et
2048 5210 2162 5279 Petrus

523 5446 552 5512 1)
569 5444 659 5500 bocru
677 5441 809 5512 imaginis
908 5442 939 5512 2)
956 5442 1046 5498 Locus
1064 5441 1197 5511 imaginis
1283 5442 1314 5511 s)
1330 5440 1395 5495 (lod.
1414 5446 1446 5495 et

521 5530 552 5597 4)
568 5528 725 5585 Strisdaras
743 5526 821 5598 VIII,
839 5543 867 5597 p.
885 5528 936 5585 tbi
954 5542 1016 5585 eum
1033 5542 1058 5585 a.
1076 5526 1135 5585 fare
1152 5526 1286 5583 MDLXX
1303 5531 1439 5583 mortuum
1457 5538 1518 5581 assa
1535 5521 1629 5587 tradit,
1646 5522 1707 5579 Pist
1723 5536 1754 5577 or
1768 5521 1794 5575 io
1813 5534 1878 5577 osas
1896 5524 2020 5575 auctora.
