5534 6984
1271 1063 1404 1129 Justus
1431 1063 1654 1144 l'altejas1).

720 1251 833 1315 Justus
856 1249 999 1332 Vultejas
1018 1251 1188 1331 Wetterae,
1211 1250 1323 1332 oppido
1336 1249 1470 1315 Hassiae
1491 1268 1552 1314 non
1573 1256 1637 1314 tarn
1661 1250 1720 1315 loci
1739 1250 1952 1332 amplitudine,
1972 1270 2067 1333 quam
2090 1253 2338 1320 doctissimorum

598 1351 744 1430 virorum,
766 1368 843 1431 quos
863 1350 895 1414 in
919 1351 1003 1415 omni
1027 1348 1260 1432 disciplinarum
1283 1367 1396 1429 genere
1417 1348 1489 1413 tulit
1510 1352 1542 1411 et
1561 1348 1632 1413 binc
1653 1349 1724 1414 inde
1739 1349 1952 1414 disseminavit
1965 1368 2058 1432 qaam
2071 1352 2231 1435 plurimos,
2253 1352 2337 1419 lama

595 1449 766 1532 percelebri
794 1453 963 1513 natusest
991 1467 1074 1512 anno
1104 1467 1196 1514 aerae
1218 1447 1415 1514 Christianae
1435 1447 1604 1511 MDXXIX
1631 1453 1722 1528 patre
1751 1447 1872 1512 Joanne
1895 1448 2020 1530 Vultcj0
2049 1452 2116 1532 ejus
2141 1452 2246 1534 oppidi
2268 1454 2336 1518 viro

597 1548 769 1614 Consulari.
812 1547 1000 1614 Adolescens
1029 1567 1100 1614 cam
1128 1567 1145 1613 e
1174 1547 1343 1612 domestica
1366 1553 1398 1611 et
1419 1545 1576 1611 umbratili
1604 1546 1824 1611 exercitatione
1852 1548 1883 1611 in
1908 1548 2157 1616 doctissimorum
2180 1551 2337 1617 hominum

596 1667 708 1729 agmen
738 1652 771 1714 et
799 1647 959 1730 pulverem
988 1646 1209 1729 egrediendum
1228 1652 1373 1727 putasset
1401 1645 1473 1724 sibi,
1501 1645 1587 1708 venit
1608 1646 1868 1726 Argentoratum,
1894 1648 2048 1728 isthicque
2078 1650 2136 1714 loci
2166 1651 2337 1716 Martinam

596 1749 749 1814 Buceram
770 1745 962 1827 Theologum
984 1752 1017 1811 et
1037 1746 1192 1811 loannem
1215 1745 1383 1810 Sturmiam
1405 1743 1571 1810 Oratorem
1595 1751 1627 1809 et
1648 1743 1869 1825 Philosophum
1891 1746 2044 1827 insignem
2065 1749 2187 1814 audivit
2210 1753 2336 1832 utrique

597 1847 636 1912 ob
658 1847 774 1926 ingenii
794 1846 1022 1927 praestantiam
1045 1851 1077 1909 et
1091 1845 1229 1909 Graecae
1240 1844 1333 1924 juxta
1348 1847 1445 1924 atque
1459 1842 1592 1907 Latinae
1612 1843 1735 1923 linguae
1751 1845 1903 1925 peritiam,
1926 1862 1989 1926 qua
2010 1847 2181 1913 excellebat
2194 1851 2335 1932 maxime,

595 1945 803 2012 charissimas.
846 1944 966 2024 llinc²)
988 1943 1125 2025 Lipsiam
1148 1953 1180 2007 et
1203 1941 1432 2023 Wittebergam
1452 1941 1614 2022 digressas
1636 1947 1685 2006 est
1706 1942 1755 2006 vel
1777 1960 1846 2007 eam
1868 1945 2042 2025 comprimis
2062 1945 2101 2011 ob
2125 1965 2279 2030 caussam,
2300 1957 2335 2014 ut

596 2063 745 2127 magnam
772 2045 860 2110 illum
893 2043 1071 2123 Philippum
1102 2042 1351 2108 Melanchtonem
1380 2046 1525 2106 cerneret
1557 2040 1685 2121 ejusque
1708 2041 1906 2107 institutione
1932 2043 2089 2110 frueretur
2118 2064 2155 2111 ac
2185 2049 2335 2114 doctrina.

596 2145 796 2212 Postmodum
816 2143 969 2210 concessit
989 2142 1141 2223 Tigurum
1162 2148 1256 2222 atque
1278 2142 1349 2207 inde
1370 2157 1439 2204 cum
1461 2139 1619 2204 Basileam
1640 2140 1794 2221 rediisset,
1817 2160 1936 2222 eorum,
1958 2160 2037 2224 quae
2060 2145 2222 2228 didicerat,
2245 2168 2337 2215 asara

595 2244 719 2309 subiens
747 2243 863 2324 ingenii
890 2243 973 2307 vires
999 2241 1161 2307 vertendis
1189 2240 1344 2306 nonnullis
1374 2238 1502 2303 Graecis
1529 2238 1736 2319 scriptoribus
1764 2241 1902 2307 Aeliano
1925 2244 2082 2326 videlicet,
2111 2247 2285 2314 Heraclide
2305 2257 2337 2314 et

595 2343 776 2427 Polyeno³)
801 2342 995 2424 periclitatus
1019 2347 1083 2419 est,
1113 2358 1182 2406 cum
1205 2340 1319 2405 aetatis
1340 2341 1474 2420 primurn
1495 2344 1605 2419 ageret
1629 2356 1745 2403 annam
1765 2340 1865 2405 XIIX.
1909 2341 2064 2426 Dionysii
2085 2346 2336 2414 Halicarnasso

594 2443 777 2524 versionem,
799 2459 894 2524 quam
915 2445 1096 2505 tentaverat
1116 2440 1207 2521 idem,
1228 2439 1372 2504 affectum
1392 2436 1527 2519 quidem,
1549 2437 1605 2501 sed
1625 2438 1709 2518 quod
1729 2438 1891 2520 Xylandro
1912 2442 2013 2507 isthac
2034 2445 2067 2508 in
2090 2463 2124 2509 re
2145 2455 2335 2528 praeventus

595 2546 687 2621 esset,
707 2559 770 2607 non
789 2539 959 2622 perfectam
979 2540 1114 2621 reliquit.
1158 2539 1250 2604 Hisce
1271 2538 1365 2602 rebus
1385 2537 1564 2602 constitutis
1579 2554 1635 2618 por
1650 2536 1854 2603 Brabantiam
1879 2546 1912 2604 et
1925 2541 2103 2608 Flandriam
2118 2543 2203 2610 facto
2224 2547 2335 2611 itinere

594 2641 754 2706 Lutetiam
775 2639 966 2706 Parisiorum
994 2639 1151 2721 profectas
1174 2644 1238 2718 est,
1267 2637 1320 2702 ubi
1340 2655 1455 2701 annam
1478 2653 1539 2701 non
1561 2635 1695 2717 amplias
1723 2655 1817 2701 unam
1838 2646 2047 2706 commoratus
2074 2662 2133 2724 per
2153 2645 2335 2711 Heduorum

594 2743 755 2808 civitatem
777 2747 810 2806 et
830 2739 989 2805 Celtarum
1017 2739 1094 2804 fines
1122 2739 1245 2802 rediens
1268 2736 1427 2802 Genavam
1456 2736 1498 2800 ad
1522 2733 1698 2816 Calvinum,
1724 2739 1814 2818 caJas
1838 2738 1904 2818 jam
1933 2746 2001 2804 tum
2031 2741 2115 2808 lama
2142 2747 2336 2827 nominisque

596 2840 760 2906 celebritas
783 2841 957 2905 universam
976 2838 1134 2919 Europam
1156 2843 1393 2919 peragraverat,
1426 2835 1588 2899 visendam
1617 2833 1750 2899 deflexit.
1794 2837 1870 2901 inde
1899 2839 1929 2902 in
1957 2842 2090 2921 patriam
2112 2853 2275 2910 revocatus
2298 2864 2335 2909 oa
2398 2901 2400 2904 .

596 2940 788 3004 dexteritate
816 2945 848 3002 et
876 2956 1020 3002 successa
1051 2936 1189 3001 scholam
1218 2936 1358 3017 aperuit,
1396 2941 1432 2999 at
1463 2935 1625 3015 Philippus
1654 2935 1817 3000 Oattorum
1842 2937 1986 3019 princeps
2020 2942 2079 3004 viri
2106 2943 2189 3007 fama
2217 2946 2334 3007 excitus

595 3039 728 3103 eandem
743 3038 947 3119 Marpurgam
969 3035 1159 3101 evocandam
1177 3035 1328 3117 judicarit
1350 3053 1431 3099 anno
1454 3053 1474 3099 a
1497 3040 1573 3098 nato
1590 3031 1713 3099 Christo
1730 3033 1760 3097 S.
1777 3034 1907 3117 MDLX,
1929 3056 1990 3101 aon
2012 3040 2111 3104 solam
2134 3049 2169 3106 at
2182 3045 2335 3122 pueritiae

595 3139 629 3202 in
651 3137 876 3218 Paedagogaeo
897 3135 1113 3201 moderaretur
1132 3134 1262 3214 studiis,
1282 3133 1338 3198 sed
1358 3133 1498 3214 linguam
1518 3135 1612 3198 etiam
1632 3131 1779 3199 Sanctam
1801 3135 1941 3200 traderet
1962 3137 2098 3219 publice,
2122 3142 2204 3219 quod
2226 3161 2263 3205 ea
2287 3161 2335 3205 sc-

595 3237 730 3301 dulitate
749 3243 782 3300 et
799 3235 955 3300 industria
977 3253 1076 3315 usque
1098 3233 1241 3298 advitae
1262 3232 1354 3298 finem
1375 3233 1551 3314 praestitit,
1580 3237 1618 3296 ut
1640 3251 1701 3297 non
1723 3234 1823 3298 minas
1846 3235 2045 3316 assiduitate,
2066 3256 2157 3318 qaam
2181 3241 2334 3319 exquisita

595 3341 627 3398 et
648 3336 773 3399 minime
796 3334 917 3414 vulgari
947 3334 1108 3399 doctrinae
1132 3333 1221 3412 copia
1241 3338 1274 3396 et
1294 3332 1447 3395 varietate
1476 3330 1636 3396 bominum
1659 3331 1699 3396 ad
1722 3350 1756 3395 sc
1785 3340 1982 3398 converteret
2012 3337 2139 3414 animos
2171 3339 2219 3401 vir
2241 3339 2335 3402 triam

595 3433 770 3514 linguarum
792 3433 1000 3515 peritissimus
1021 3439 1054 3497 et
1076 3433 1107 3496 in
1131 3431 1214 3496 omni
1235 3431 1433 3496 scientiarum
1455 3436 1549 3512 atque
1571 3432 1746 3496 stadiorum
1766 3451 1880 3512 genere
1895 3436 2130 3516 versatissimus,
2150 3436 2335 3517 TheologuS,

595 3533 812 3613 Philosophus
834 3531 949 3597 Orator
971 3540 1003 3596 et
1016 3531 1115 3596 Poeta
1135 3549 1198 3595 non
1221 3548 1302 3595 unus
1323 3547 1340 3594 e
1360 3529 1475 3611 multis,
1498 3536 1534 3595 ut
1554 3536 1722 3613 propterea
1744 3532 1838 3596 otiam
1860 3537 1893 3595 et
1917 3535 2074 3598 constanti
2088 3535 2336 3601 doctissimorum

594 3633 750 3696 hominum
770 3631 886 3713 jndicio
915 3631 1117 3712 polyhistoris
1139 3648 1252 3695 nomen
1271 3630 1432 3694 meruerit.
1476 3629 1561 3695 Obiit
1589 3631 1670 3696 dem
1701 3649 1791 3696 saum
1812 3630 1975 3712 Marpurgi
1995 3633 2103 3699 ultima
2124 3634 2230 3699 Martii
2252 3653 2334 3699 anno

593 3731 773 3796 thhllllV
796 3730 938 3812 sepultas
955 3730 1071 3795 ibidem
1093 3729 1134 3794 ad
1155 3729 1193 3792 D.
1217 3727 1379 3794 Michaelis
1402 3728 1520 3820 aedem.
1563 3729 1733 3809 Imaginem
1753 3737 1861 3794 autem
1883 3729 2000 3812 Vulteji
2013 3732 2159 3813 Paganas
2183 3733 2240 3798 boc
2262 3751 2335 3798 con-

595 3830 753 3897 decoravit
775 3829 866 3894 modo

1077 3925 1208 3994 Effigiem
1228 3923 1305 3978 Justi
1319 3939 1413 3992 porea
1424 3924 1541 3990 finxisse
1559 3926 1660 3979 tabella

1117 4008 1227 4076 Vulteji,
1241 4010 1342 4077 pictor,
1361 4011 1423 4078 qais
1442 4009 1491 4062 tibi
1503 4008 1616 4077 fractus
1633 4012 1691 4064 erit.

1076 4098 1122 4149 Aa
1139 4109 1215 4164 quaa
1235 4095 1283 4148 cia
1300 4093 1381 4164 digne
1401 4094 1472 4149 Coos
1484 4095 1615 4164 firraiseet
1632 4096 1750 4164 Apelles,

1114 4181 1138 4234 T
1136 4187 1274 4234 rocconem
1295 4181 1369 4235 terrici
1387 4180 1475 4235 credis
1490 4181 1524 4234 ab
1542 4185 1601 4234 artc
1620 4179 1722 4235 decas?

1076 4266 1194 4331 Fallere,
1208 4267 1388 4335 picturaeque
1405 4281 1492 4321 coaves
1508 4267 1563 4320 aiei
1580 4266 1645 4320 aiva
1665 4267 1813 4336 triumphet

1111 4351 1203 4407 Fanra
1220 4353 1283 4417 oiri,
1297 4352 1411 4419 frustra
1428 4351 1543 4406 dextera
1555 4352 1643 4420 finxit
1662 4367 1739 4422 opas.

1076 4436 1130 4491 Sed
1146 4443 1223 4492 teate
1241 4444 1281 4491 est
1297 4439 1423 4506 pravitas
1439 4453 1552 4503 moram,
1578 4438 1733 4493 corcetaatio
1752 4438 1850 4504 vultus,

1115 4522 1151 4576 Ut
1167 4538 1250 4592 super
1269 4529 1347 4578 asma
1364 4539 1414 4577 suo
1429 4538 1523 4594 par-oa
1539 4524 1628 4577 nitore
1646 4525 1747 4579 trahat,

1075 4609 1185 4663 Eximii
1199 4608 1302 4677 facian
1322 4609 1369 4676 qai
1388 4609 1523 4678 conspicis
1541 4623 1604 4678 erpo
1619 4610 1745 4679 patroni,

1108 4693 1171 4760 Dic,
1188 4695 1280 4750 ualeat
1295 4693 1416 4762 patriae,
1433 4710 1503 4764 prex
1520 4693 1655 4760 studioso,
1673 4693 1761 4748 decas

592 4780 662 4861 lpse
683 4798 805 4862 qaoque
826 4779 970 4862 Vultcjas
992 4779 1030 4845 de
1051 4797 1085 4843 se
1102 4780 1170 4860 ipso
1192 4786 1224 4844 et
1246 4779 1505 4845 scholasticorum
1525 4779 1666 4844 laborum
1689 4797 1817 4847 suoram
1838 4781 1944 4848 fructu
1966 4783 2132 4863 gloriatur:

1082 4877 1198 4934 Vectem
1216 4879 1268 4934 iilo
1283 4881 1349 4934 meis
1367 4877 1514 4947 respondet
1526 4878 1654 4933 amabilis
1671 4879 1751 4934 Echo

1108 4965 1139 5018 Ε
1155 4964 1270 5033 raupta,
1288 4965 1386 5034 reperis,
1405 4965 1516 5019 urbibus
1534 4980 1599 5034 epae
1615 4965 1723 5021 scholio.

696 5171 724 5240 1)
741 5171 820 5226 Hanc
837 5171 928 5227 omisit
945 5169 1128 5238 Tilemannus,
1147 5171 1216 5226 inter
1235 5171 1421 5240 philosophos,
1441 5177 1472 5225 at
1489 5171 1605 5238 videtur,
1624 5172 1817 5242 recipiendam.
1848 5176 1946 5231 Exstat
1964 5176 2010 5230 Jo.
2029 5177 2172 5231 Antreehti
2190 5181 2257 5228 orat.
2276 5175 2331 5228 ian.

591 5260 619 5314 in
637 5257 739 5314 obitam
759 5256 833 5311 Justi
853 5256 965 5323 Vulteji
984 5255 1074 5324 Marp.
1094 5256 1324 5322 avasitarum
1344 5257 1419 5312 edita
1442 5257 1470 5312 in
1488 5258 1713 5313 Kacheabeclreri
1736 5260 1791 5315 vita
1814 5259 1906 5314 Herm.
1928 5260 2039 5330 Vulteji.
2076 5261 2135 5326 Qua
2153 5267 2181 5315 et
2199 5259 2332 5315 Dilichias

591 5359 657 5400 usas
674 5348 716 5397 est
737 5347 765 5397 et
782 5340 902 5397 Adamas
919 5343 947 5397 in
964 5341 1027 5397 ritis
1045 5341 1279 5412 philosophorum.

694 5431 724 5496 2)
741 5425 834 5496 Imago
851 5426 962 5496 Vulteji.

692 5512 722 5581 3)
739 5511 783 5568 Sic
801 5511 909 5581 scripsit
928 5511 981 5567 Dil.
