5534 6984
1244 1001 1427 1083 aegidius
1454 1001 1627 1068 Hunnius
1643 1003 1671 1084 ¹)

1404 1157 1455 1210 Th.
1478 1157 1511 1212 Ι).

707 1335 798 1401 Hunc
826 1333 952 1398 natione
981 1331 1263 1413 Wirtenbergicum
1293 1333 1397 1414 patria
1424 1332 1515 1397 MDL
1546 1349 1629 1397 anno
1656 1333 1732 1398 XXI
1760 1332 1939 1398 Decembris
1977 1333 2090 1399 extulit
2121 1334 2327 1401 Windenavia

585 1439 751 1520 quatuora
763 1433 906 1514 Tubinga
918 1432 1038 1497 distans
1047 1430 1201 1497 milliarib.
1225 1430 1443 1514 caeteroquin,
1456 1451 1551 1513 quum
1561 1433 1707 1497 eximium
1718 1449 1849 1513 prorsus
1860 1450 1956 1514 puero
1967 1438 2051 1499 esset
2061 1434 2230 1514 ingenium,
2244 1436 2328 1516 pari-

585 1553 646 1619 que
665 1535 694 1600 is
714 1532 851 1599 discendi
873 1531 1025 1597 auiditate
1046 1529 1209 1612 flagraret,
1239 1533 1271 1596 in
1293 1549 1394 1612 coque
1420 1549 1539 1596 summe
1559 1530 1619 1595 sibi
1639 1530 1861 1596 elaborandum
1882 1532 2105 1614 arbitraretur,
2124 1537 2161 1597 nt
2181 1550 2243 1614 quo
2265 1552 2327 1599 uno

585 1635 723 1701 homines
743 1632 855 1698 bestiis
876 1634 1057 1713 praestent,
1079 1632 1111 1696 in
1132 1630 1190 1695 boc
1209 1630 1384 1696 hominibus
1406 1630 1481 1712 ipsis
1502 1630 1719 1711 antecelleret,
1750 1629 1784 1695 id
1805 1638 2014 1712 consequutus
2034 1637 2097 1713 est,
2119 1631 2202 1714 quod
2221 1634 2328 1714 paucis

585 1733 732 1815 contigit,
757 1735 793 1796 ut
814 1728 951 1795 Scaevos
981 1747 1055 1794 suos
1081 1727 1175 1810 longe
1207 1730 1339 1794 caeteris
1374 1733 1408 1794 et
1436 1727 1549 1793 studiis
1574 1732 1608 1793 et
1634 1729 1757 1794 artibus
1785 1731 1990 1796 antecessisse
2019 1731 2171 1797 videatur.
2214 1730 2327 1798 Primis

584 1833 685 1900 literis
715 1833 748 1897 iu
775 1828 880 1913 patria
910 1830 1043 1909 tinctus,
1074 1828 1211 1911 quum²)
1240 1827 1438 1909 capessendis
1467 1827 1636 1910 dIsciplinis
1664 1828 1864 1910 judicaretur
1896 1845 1954 1910 per
1981 1834 2120 1894 aetatem
2149 1831 2268 1913 aptior,
2294 1831 2328 1897 in

586 1930 796 2014 Adelphica³)
822 1929 972 2011 primum,
1007 1932 1116 2009 postca
1147 1944 1273 2008 quoque
1302 1927 1336 1991 in
1363 1924 1623 2008 Maulprunnensi
1658 1927 1765 1993 schola
1797 1928 1864 1993 ocio
1898 1947 1935 1993 ac
1970 1928 2122 1994 facultate
2147 1931 2266 2013 majore
2295 1936 2328 1997 et

584 2033 768 2111 maturiore,
798 2032 831 2095 et
850 2028 959 2094 labore
980 2031 1077 2108 atque
1095 2025 1251 2091 industria
1273 2027 1437 2108 superiore
1457 2027 1491 2091 in
1511 2027 1635 2092 artibus
1663 2027 1846 2092 liberalibus
1873 2028 2078 2109 percipiendis
2100 2036 2245 2095 versatus
2267 2035 2326 2096 est.

585 2133 667 2198 Hinc
689 2129 850 2210 Tubingae
877 2127 962 2193 inter
982 2126 1135 2208 Principis
1163 2124 1403 2206 Wirtenbergici
1431 2127 1651 2208 stipendiarios
1679 2127 1835 2208 ascriptus
1863 2145 1926 2192 uno
1957 2145 2050 2209 opere
2077 2128 2157 2194 hanc
2184 2130 2327 2196 incudem

586 2233 669 2298 diem
689 2235 873 2309 noctemque
886 2227 932 2291 ita
953 2225 1074 2291 tutudit
1084 2225 1124 2305 ⁴),
1147 2229 1183 2290 ut
1205 2225 1302 2290 totius
1323 2224 1385 2290 loci
1400 2223 1614 2292 Professomm
1623 2225 1740 2308 jndicio
1757 2227 1868 2308 dignus
1881 2226 2018 2310 habitus
2039 2229 2090 2294 cui
2104 2229 2195 2294 XVII
2208 2230 2326 2295 aetatis

586 2349 667 2396 anno
687 2326 861 2410 Magisterii
888 2324 999 2389 laurea
1029 2323 1262 2389 decerneretur.
1312 2322 1457 2406 Tubinga
1478 2323 1684 2407 Marpnrgum
1709 2331 1858 2391 evocatus
1886 2345 1955 2392 cum
1984 2333 2018 2393 et
2042 2327 2228 2394 Germanice
2254 2347 2327 2394 con-

586 2427 737 2497 cionando
763 2427 796 2491 ln
824 2442 896 2490 arce
926 2428 959 2488 et
988 2437 1044 2504 pro
1072 2427 1203 2504 sugestu
1230 2423 1416 2488 Academico
1445 2424 1559 2489 Latine
1584 2424 1761 2506 perorando
1789 2423 1963 2490 industriae
1991 2427 2146 2507 specimen
2166 2427 2327 2507 edidisset,

584 2532 617 2595 in
638 2529 676 2593 D.
695 2524 824 2592 Henrici
843 2522 978 2588 Victoris
1007 2521 1109 2587 locum
1129 2541 1211 2587 anno
1233 2522 1429 2587 MDLXXVI
1458 2521 1604 2589 suffectus
1626 2527 1683 2604 est,
1711 2527 1748 2588 ut
1770 2541 1833 2587 non
1854 2522 2008 2589 salumin
2030 2526 2200 2591 Academia
2217 2544 2325 2592 sacras

585 2628 712 2694 doceret
733 2625 853 2703 literas,
873 2639 981 2688 uerum
1003 2621 1096 2687 etiam
1109 2620 1322 2687 Ecclesiasteu
1342 2627 1453 2702 ageret
1475 2622 1575 2687 simul.
1617 2623 1723 2704 Atque
1742 2623 1825 2687 bunc
1844 2623 1879 2688 in
1897 2622 2035 2705 modum,
2054 2643 2151 2706 quum
2164 2626 2326 2706 Tubingae

582 2723 800 2809 jamdudum)
823 2721 983 2788 blennium
996 2721 1226 2786 concionatoris
1241 2726 1274 2786 et
1288 2721 1453 2803 Marpurgi
1468 2721 1559 2787 modo
1581 2721 1767 2802 professoris
1781 2721 1863 2787 uses
1875 2722 2089 2804 sustinuisset,
2108 2742 2192 2790 anno
2211 2725 2325 2790 acatis

585 2825 691 2893 XXVI
709 2822 872 2904 Tubingae
899 2837 962 2886 una
991 2837 1062 2885 cum
1083 2818 1256 2901 Polycarpo
1276 2819 1414 2901 Lcysero
1435 2837 1573 2887 summos
1592 2820 1625 2886 in
1648 2820 1835 2902 Theologica
1863 2820 2015 2887 facultate
2036 2822 2170 2889 honores
2192 2823 2326 2906 adeptus

585 2930 644 2993 cst.
686 2922 916 3002 Wittebergam
937 2919 1053 3001 denuo,
1081 2935 1152 2983 cum
1180 2919 1210 2983 el
1229 2937 1299 2984 cum
1320 2919 1485 2986 Wilbelmo
1506 2920 1651 3003 Principe
1676 2923 1857 2987 conveniret
1877 2922 1998 3004 minus,
2027 2924 2207 3004 accitus0),
2235 2924 2325 2988 etin
2399 2912 2401 2915 ’

587 3024 699 3091 eadem
728 3028 797 3088 tum
823 3019 985 3085 Antistitis
1014 3023 1081 3083 turn
1107 3017 1297 3084 Professoris
1323 3037 1437 3084 munus
1463 3021 1590 3102 egregie
1613 3037 1728 3086 curans
1753 3037 1837 3085 anno
1857 3019 1995 3086 MDCIII
2023 3022 2105 3088 diem
2129 3022 2206 3087 obiit
2234 3040 2325 3087 suum

587 3123 681 3189 editis
712 3119 829 3204 ingenii
865 3123 899 3184 et
936 3117 1118 3183 eruditionis
1159 3134 1235 3183 suae
1273 3119 1500 3200 monumentis,
1541 3137 1622 3201 quac
1656 3123 1732 3184 sunt
1762 3118 1920 3200 Postilla·
1955 3120 2127 3188 Oonmcncs
2148 3123 2325 3204 sambrae.-

588 3223 822 3291 Octecbismue:
842 3219 1068 3285 Proculianum
1089 3217 1186 3282 liber:
1209 3217 1379 3300 Colloqcic
1394 3218 1634 3300 provincialia:
1661 3219 1786 3300 scripta
1806 3219 1843 3284 s'a
1862 3219 2075 3302 Evcnpedium
2099 3220 2143 3286 D.
2165 3222 2326 3288 Meliboei

588 3329 618 3391 ct
638 3321 794 3390 daunais:
816 3321 852 3388 in
872 3317 1043 3402 spatulas
1063 3315 1204 3386 «Ioannis
1225 3324 1256 3386 et
1275 3318 1308 3387 S.
1329 3318 1431 3386 Paccii
1444 3319 1521 3402 scre
1543 3339 1656 3400 amares,
1677 3317 1901 3407 Poenaeque
1921 3321 2085 3402 conplura
2097 3321 2135 3401 7).

1153 3615 1324 3682 Jcannes
1352 3633 1372 3681 a
1402 3614 1772 3681 Waldmanshausen.

710 3803 767 3870 Vir
805 3801 921 3868 ceteris
955 3803 1121 3885 prosapiae
1162 3808 1196 3866 et
1233 3802 1421 3883 imaginum,
1458 3807 1556 3884 atquc
1594 3802 1678 3867 omni
1708 3799 1852 3866 doctrina
1883 3808 2012 3868 omatns
2045 3821 2128 3868 anuo
2160 3803 2327 3868 llDLXIlI

587 3902 724 3987 Augusti
744 3901 776 3968 ll
796 3900 919 3984 publice
939 3901 1051 3968 docere
1063 3902 1092 3984 ⁸)
1118 3907 1151 3966 et
1172 3900 1368 3967 Matthaeum
1389 3900 1625 3982 evangelistam
1647 3899 1851 3982 Interpretari
1872 3903 1988 3984 coepit,
2014 3920 2083 3969 curn
2101 3902 2220 3966 XXVII
2240 3901 2326 3966 Iunii

587 4005 699 4070 ussat
717 4001 888 4085 praelatus.
930 4000 1012 4066 Huic
1041 4019 1112 4066 cum
1139 4000 1180 4064 ad
1209 4017 1283 4065 suos
1309 4000 1456 4067 radilaset
1485 4002 1518 4066 in
1536 3999 1732 4067 Professicne
1760 3998 1815 4064 illa
1838 3999 2024 4082 Theologica
2045 4001 2195 4066 successit
2215 4001 2325 4065 Daniel

587 4101 769 4169 Arcularius
789 4118 870 4166 anno
890 4100 1023 4166 DLXXI
1042 4099 1128 4166 Iunii
1149 4099 1242 4164 XIIX
1252 4099 1291 4181 ·).

692 4328 720 4397 1)
738 4327 826 4383 Huius
847 4325 908 4396 viri,
929 4340 1009 4396 quem
1032 4326 1169 4395 egregium
1187 4325 1416 4395 ubiquitaricrum
1436 4327 1644 4397 antesignanum
1659 4326 1783 4397 appellat
1806 4325 1872 4394 Tit,
1894 4327 1977 4380 vitam
1994 4325 2114 4379 Adamas
2139 4326 2269 4382 desumsit
2292 4342 2327 4382 ex

588 4415 710 4470 credone
728 4412 863 4483 parentali
885 4411 1072 4467 abeonlrarto
1096 4411 1212 4466 Huttero
1233 4407 1313 4467 dicta
1361 4411 1414 4479 Qut
1443 4413 1637 4469 accuratiorem
1660 4414 1720 4470 elus
1746 4412 1870 4471 notitiam
1893 4411 2022 4478 consequi
2046 4410 2138 4480 velint,
2163 4419 2270 4467 umnam
2291 4415 2326 4468 iis

588 4514 657 4570 quae
675 4499 708 4555 E.
727 4499 759 4553 L.
777 4497 874 4552 llenkc
892 4496 919 4552 in
937 4497 1065 4565 Herzogii
1082 4495 1311 4568 Reti-Encyclop.
1330 4497 1376 4554 Vl.
1396 4514 1424 4568 p.
1441 4503 1576 4556 tto—821
1597 4507 1625 4556 et
1643 4500 1770 4570 exposuit
1790 4499 1851 4568 ipse
1867 4503 1896 4552 et
1915 4497 1949 4551 ab
1967 4497 2029 4551 aliis
2048 4497 2173 4566 exposita
2190 4498 2327 4555 iudicarit

690 4589 720 4653 2)
740 4583 833 4652 Imago
851 4583 961 4638 Hunnii.

688 4672 717 4740 3)
737 4669 833 4724 Tilcm.
851 4668 936 4724 edidit
952 4668 1152 4739 Adelbcrpenei.

689 4756 720 4824 l)
738 4755 791 4810 Til.
811 4754 898 4822 todia·
915 4755 944 4810 in
962 4755 1021 4810 cod.
1039 4757 1127 4824 prima
1146 4757 1252 4828 syllaba
1267 4759 1330 4815 stilo
1349 4763 1488 4815 cerussam
1507 4756 1615 4814 sublata
1632 4764 1682 4814 est

688 4842 719 4911 5)
738 4842 835 4897 Tilcm.
854 4839 941 4896 edidit
952 4841 1014 4908 jam
1033 4848 1127 4896 comm.

690 4928 720 4997 6)
745 4927 885 4984 Asteriscc
918 4926 1011 4983 addito
1036 4928 1133 4984 Tilcm.
1162 4928 1282 4986 indicare
1311 4926 1432 4998 videtur,
1462 4928 1615 4984 accuratius
1641 4927 1784 4986 dicendum
1814 4930 1911 5005 tussa,
1941 4931 2081 4986 dimissum
2110 4949 2127 4988 a
2150 4929 2326 5000 Lmdgrariis

587 5012 785 5083 ll'ittebergam
804 5027 866 5068 esse
882 5019 1015 5068 vocatum.

690 5103 719 5168 7)
735 5099 932 5156 Nonnullorum
951 5114 1076 5155 semaam
1094 5106 1124 5155 st
1140 5100 1263 5170 integrae
1281 5099 1398 5168 paginae
1415 5099 1534 5170 spatium
1550 5097 1580 5154 in
1598 5099 1658 5156 cod
1674 5115 1788 5157 uacuum
1804 5101 1860 5157 Dii.
1881 5100 2070 5172 destinauerat,
2097 5109 2127 5157 ut
2144 5102 2259 5173 videtur,
2279 5108 2327 5158 aut

586 5186 721 5244 indicibus
738 5185 876 5250 librorum,
895 5201 964 5256 qnos
980 5186 1081 5241 multos
1099 5185 1133 5240 IL
1151 5185 1244 5256 edidit,
1262 5193 1311 5241 aut
1330 5185 1429 5255 elogiis
1446 5185 1662 5254 testimoniisque
1678 5195 1774 5257 postea
1790 5187 1930 5245 addendis.

690 5272 721 5341 8)
739 5271 828 5326 Locus
845 5271 979 5340 imaginis.

689 5360 719 5429 9)
738 5357 811 5414 Inter
829 5357 898 5416 banc
917 5365 946 5414 ct
962 5356 1111 5427 proximam
1128 5356 1211 5412 uitam
1229 5354 1357 5412 dimidiae
1375 5355 1434 5413 fere
1452 5355 1569 5426 paglnts
1588 5360 1705 5430 spatium
1723 5360 1846 5418 ratetum
1864 5367 1914 5417 est
