5534 6984
2100 819 2147 891 69

413 1044 479 1095 non
505 1044 586 1110 quae
614 1027 726 1093 diebus
754 1028 1017 1095 circumscribitur
1042 1026 1292 1109 quamplurimis,
1325 1024 1380 1090 sed
1409 1026 1529 1091 innotus
1556 1024 1682 1091 virtuds
1708 1030 1804 1107 atque
1833 1024 2033 1091 auctoritatis
2062 1026 2148 1107 capit

413 1134 580 1193 extremos.
637 1117 852 1194 Eurditionem
880 1129 1048 1193 etiamnum
1078 1125 1249 1209 loquuntur
1270 1122 1512 1204 dormierit,
1543 1140 1623 1205 quos
1648 1126 1684 1189 ia
1704 1122 1847 1209 Repetas
1867 1124 1964 1191 Jaric
1991 1124 2089 1191 edidit
2114 1130 2148 1193 et

413 1226 572 1310 posthumi
593 1228 627 1291 in
647 1227 774 1293 titolum
793 1228 833 1293 da
851 1228 946 1293 rebus
966 1226 1111 1304 aeditis,
1133 1240 1212 1305 quos
1232 1223 1272 1289 ah
1290 1223 1376 1289 obitu
1398 1223 1498 1305 patris
1521 1222 1605 1305 typis
1627 1222 1737 1289 excudi
1750 1222 1892 1290 fecerunt
1908 1224 2060 1291 haeredes
2080 1223 2144 1291 filii.

416 1326 466 1391 De
486 1327 605 1409 pietate
626 1331 660 1391 et
688 1328 864 1393 constantia
885 1324 1017 1407 Philippi
1037 1323 1190 1389 Matthaei
1210 1340 1411 1405 anagamma
1437 1322 1562 1405 scripsit
1586 1322 1787 1387 Hermeuuus
1809 1323 1995 1391 Fabrouius:
2024 1324 2080 1391 TU
2100 1326 2144 1391 lh

416 1423 519 1490 PIUM
538 1424 657 1491 stru:
679 1425 736 1491 U'I'
756 1423 874 1491 neuls
888 1412 927 1504 'is
968 1425 1016 1488 Ex
1038 1441 1101 1507 quo
1122 1422 1296 1505 colligitur:
1317 1420 1536 1489 PHILIPPUS
1558 1420 1813 1488 Mnuuflluus
1835 1421 1865 1487 J.
1885 1422 1922 1489 U.
1943 1423 1981 1489 D.

896 1524 963 1579 Nost
980 1530 1038 1579 wan
1053 1526 1126 1579 mua
1142 1525 1210 1579 musi
1227 1520 1332 1592 lepidio
1350 1536 1466 1577 seusam
1482 1521 1599 1579 uidebis.

932 1610 1013 1681 Quod
1028 1609 1161 1665 creditam
1177 1610 1308 1675 autimas,
1324 1608 1416 1679 lapidi
1432 1608 1562 1663 dicimus.

897 1698 937 1750 Et
954 1697 1028 1767 lupia
1045 1698 1171 1752 meac
1188 1696 1327 1767 persistit,
1342 1710 1415 1751 ceco
1429 1701 1589 1765 perennent,

932 1784 1087 1851 Malthace,
1104 1789 1201 1839 cuncto
1218 1782 1323 1837 nomini
1340 1788 1387 1837 tuo
1406 1781 1551 1850 quadrant

896 1872 999 1924 daumio
1017 1871 1066 1923 tibi
1085 1886 1163 1925 ceros
1174 1868 1244 1937 fidei
1260 1870 1417 1923 comtantio
1436 1868 1547 1935 chassi,

933 1956 1020 2027 wem
1036 1954 1127 2009 nuilus
1143 1955 1284 2009 malaue
1299 1958 1419 2023 poscuaut
1435 1952 1648 2023 consriupewl.

1066 2158 1230 2225 ioannes
1258 2156 1491 2225 Goeddaeus.

513 2274 617 2341 Media
635 2280 726 2341 nocte
746 2276 829 2339 inter
849 2275 1016 2357 septimum
1044 2280 1077 2341 et
1098 2280 1242 2341 octauum
1263 2273 1445 2341 Decembris
1474 2270 1555 2338 diem
1580 2290 1663 2339 enno
1685 2272 1804 2339 MDLV
1832 2275 1865 2341 in
1892 2275 1972 2342 hunc
2000 2278 2147 2345 mondum

416 2381 508 2442 natus
536 2381 628 2459 petre
655 2374 791 2441 Henricc
818 2373 993 2443 Goeddaeo'
1014 2376 1082 2441 uiro
1110 2374 1274 2441 consolari
1306 2381 1339 2440 ct
1367 2379 1469 2439 matre
1488 2370 1672 2439 Elisabethe
1691 2374 1822 2440 ioannis
1841 2374 1971 2443 Beckeri
1992 2374 2147 2444 Senatorii

416 2476 535 2543 ordinis
561 2474 644 2542 iilius
672 2474 734 2542 loci
760 2480 795 2540 et
821 2473 999 2542 Christiane
1025 2474 1157 2540 Punicae
1181 2474 1248 2539 filia
1277 2474 1309 2539 in
1339 2472 1551 2555 westphaliae
1580 2472 1740 2555 Murchia,
1774 2474 1825 2541 cui
1854 2474 1971 2541 Suerte
2000 2472 2147 2557 agladio

416 2574 562 2641 uidelicet
581 2592 710 2654 nomeu,
738 2591 799 2655 quo
825 2575 949 2655 gerino
977 2592 1034 2657 pro
1059 2573 1230 2657 insignibus
1251 2572 1386 2657 Respub.
1416 2572 1470 2637 illo
1499 2572 1608 2638 utitur.
1660 2572 1698 2639 ln
1725 2572 1857 2639 infantia
1884 2580 1917 2639 et
1942 2576 2077 2657 pueritia
2105 2576 2147 2641 ud

416 2675 570 2742 decimum
591 2679 734 2739 octavum
754 2674 872 2740 aetatis
893 2691 991 2755 usque
1011 2692 1128 2739 aunum
1142 2674 1238 2740 variis
1257 2672 1436 2739 morborum
1454 2672 1618 2753 generibus
1637 2670 1848 2755 conflictatus,
1871 2673 1963 2739 dubia
1983 2674 2147 2741 admodum

415 2793 490 2841 usus
512 2778 563 2839 est
583 2772 777 2854 valetudine,
804 2791 865 2857 qno
891 2773 1026 2856 motum,
1056 2778 1092 2840 ut
1111 2777 1224 2856 sarci)
1257 2772 1298 2837 sd
1324 2772 1424 2839 ardua
1453 2772 1613 2837 literarum
1635 2771 1741 2837 studia
1768 2773 1942 2839 occesserit.
1985 2775 2028 2839 At
2052 2794 2146 2858 quum

414 2874 591 2957 pubertatis
611 2873 770 2955 attigisset
789 2891 892 2939 annos
912 2891 950 2938 eu
976 2872 1168 2939 incommoda
1187 2871 1366 2939 valetudiue
1391 2872 1448 2937 Dei
1475 2870 1624 2937 beneficio
1651 2888 1790 2937 emersus
1818 2878 1851 2937 et
1880 2871 1980 2939 literis
2008 2874 2146 2957 inprimis

417 2975 590 3041 delectatus
610 2974 691 3039 omni
711 2972 814 3039 studio
835 2974 876 3038 ad
903 2980 992 3039 artes
1019 2972 1181 3041 discendas
1206 2970 1388 3038 enitendum
1415 2972 1538 3054 putauit
1565 2970 1632 3037 sibi.
1684 2970 1817 3053 ideoque
1845 2972 1952 3055 primis
1980 2972 2013 3037 in
2041 2976 2147 3055 putria

416 3074 522 3141 schola
538 3072 676 3139 imbutus
696 3072 858 3139 elementis
876 3078 949 3155 post
968 3072 1000 3139 in
1022 3072 1229 3139 Tremoniana
1249 3071 1309 3139 sub
1330 3070 1451 3138 ioanne
1472 3070 1659 3137 humbechio
1681 3070 1765 3151 Icto,
1785 3070 1942 3138 Friderico
1961 3072 2145 3156 Beurhusio,

416 3174 540 3241 Josnne
561 3171 656 3256 Copio
672 3177 706 3239 et
725 3170 770 3237 bl.
791 3172 933 3256 Philippo
953 3171 1096 3239 Fabricio
1125 3171 1257 3255 aliisque
1286 3172 1319 3237 in
1347 3170 1462 3238 scholis
1484 3170 1702 3253 Wcstphnlicis
1730 3174 1762 3237 et
1784 3170 1891 3239 viduis
1910 3172 2056 3255 quicquid
2076 3180 2147 3241 erat

417 3272 465 3339 vel
486 3271 601 3355 ingenii
620 3270 670 3337 vel
688 3271 801 3340 maus
823 3272 873 3337 uel
893 3290 1008 3355 operae
1027 3273 1059 3338 in
1079 3272 1198 3337 artium
1217 3270 1393 3338 liberalium
1413 3270 1586 3351 cognitione
1612 3268 1781 3335 coloravit.
1823 3269 1940 3337 Verum
1967 3289 2036 3337 curu
2056 3270 2145 3341 miles

416 3373 526 3439 iberus
540 3378 607 3439 tum
619 3372 786 3453 praecipue
798 3372 973 3437 immineret
985 3373 1188 3454 Dauentriae,
1207 3376 1298 3454 pater
1310 3370 1345 3436 id
1359 3388 1377 3435 e
1393 3368 1448 3435 filii
1461 3368 1555 3435 rebus
1570 3368 1743 3435 arbitratus
1764 3369 1897 3434 eundem
1911 3388 1931 3433 a
1946 3368 2146 3451 literarum⁴l

417 3473 532 3539 studiis
553 3471 747 3537 ahstroetum
767 3471 810 3536 ad
828 3476 1035 3537 mercaturam
1055 3476 1089 3537 et
1109 3470 1342 3552 negotiationes
1364 3468 1498 3551 impulit.
1552 3468 1595 3533 At
1623 3468 1703 3533 enim
1732 3485 1800 3533 cum
1828 3466 1961 3533 hominis
1982 3472 2145 3539 conatibus

416 3574 449 3637 in
470 3576 648 3639 mercatura
669 3569 813 3635 iacienda
832 3570 934 3636 minus
955 3570 1160 3651 responderet
1186 3568 1314 3634 fortuna
1340 3568 1469 3649 ipseque
1496 3567 1575 3634 odeo
1604 3573 1695 3651 pater
1717 3566 1921 3650 perspiceret,
1948 3566 2048 3635 Deum
2068 3588 2145 3653 esse,

417 3672 472 3755 qui
491 3670 625 3735 hominis
644 3669 793 3751 quusque
814 3669 974 3756 ingenium
994 3669 1054 3736 huc
1080 3673 1114 3733 et
1135 3668 1210 3734 illuc
1229 3666 1337 3733 flectat
1362 3672 1461 3749 atque
1485 3672 1670 3746 commutet,
1701 3684 1737 3731 co
1757 3664 1854 3733 filium
1875 3666 1975 3733 redire
1994 3668 2146 3753 permisit,

417 3790 479 3853 qno
511 3788 600 3835 mens
631 3770 700 3851 ipsa
731 3766 880 3834 inclinare
909 3766 1084 3833 videbatur.
1135 3768 1227 3833 Anno
1261 3768 1368 3849 itaque
1397 3764 1591 3833 MDLXXVI
1621 3764 1776 3831 nobilissi:
1812 3765 2003 3833 adolescenti
2031 3766 2146 3837 loanni

417 3890 438 3935 o
458 3870 567 3937 Marce
586 3869 619 3935 in
634 3866 790 3949 Wilgasto
810 3866 989 3949 praefectus
1011 3867 1139 3933 remotis
1158 3868 1292 3933 caeteris
1313 3866 1441 3949 studiis,
1462 3866 1604 3948 quamvis
1617 3865 1721 3947 ampla
1739 3884 1777 3931 ee
1790 3873 1895 3932 esseut
1909 3885 2036 3949 prorsus
2050 3874 2145 3951 atque

416 3969 594 4055 praeclara,
615 3968 649 4033 in
669 3968 950 4049 Jurisprudentiam
970 3986 1010 4035 ea
1027 3967 1195 4034 sedulitate
1213 3965 1353 4033 incubuit
1363 3967 1409 4047 ⁸),
1433 3971 1470 4032 ut
1490 3964 1613 4031 labores
1635 3966 1727 4047 ipsos,
1748 3966 1801 4047 qui
1820 3965 1910 4031 multi
1929 3968 2095 4049 magnique
2112 3970 2145 4034 in

416 4070 476 4135 ho‘c
503 4068 680 4136 studiorum
710 4085 824 4149 genere
856 4067 1028 4135 collocandi
1056 4073 1146 4147 sunt,
1182 4066 1348 4148 omniaque
1373 4066 1454 4131 adeo
1481 4064 1699 4147 impedimenta
1732 4064 1896 4144 diligentia
1929 4064 2145 4149 industriaque

417 4174 587 4252 superaret
628 4165 766 4249 Ideoque
794 4172 831 4231 ut
856 4166 1050 4249 intelligendi
1075 4166 1127 4232 rel
1151 4166 1293 4249 inprimis
1319 4170 1447 4231 acueret
1470 4164 1685 4246 prudentiam,
1721 4180 1835 4245 eaque,
1873 4180 1953 4245 quae
1979 4165 2144 4247 audiendo,

417 4268 550 4351 legendo
577 4266 803 4349 scribendoque
830 4266 1128 4353 comprehendisset,
1163 4266 1195 4331 in
1221 4282 1348 4331 succum
1374 4265 1466 4346 quasi
1493 4268 1632 4331 verteret
1661 4269 1694 4328 et
1723 4262 1920 4345 sanguinem,
1953 4269 1986 4329 et
2015 4265 2144 4331 oliomm

418 4385 545 4461 qnoque
564 4366 654 4433 simul
672 4368 799 4449 juvaret
817 4366 931 4448 studia,
951 4366 1035 4431 inter
1046 4364 1182 4447 parietes
1193 4366 1334 4447 priuatos
1350 4364 1403 4445 jus
1417 4364 1517 4445 ipsum
1532 4363 1647 4445 docuit,
1666 4360 1987 4444 disputationibusque
2005 4364 2145 4447 inprimis

417 4487 470 4549 ce,
491 4485 573 4549 quae
593 4466 626 4533 in
646 4464 804 4531 hominum
825 4464 1084 4546 disceptationem
1106 4462 1217 4530 cadere
1236 4468 1383 4546 possunt,
1404 4462 1567 4529 constituit
1588 4468 1621 4529 et
1641 4461 1805 4543 explicavit
1826 4461 1924 4527 docte.
1965 4465 2066 4543 Atque
2085 4462 2144 4531 hae

418 4568 543 4650 quidem
562 4567 699 4645 ratione,
720 4582 816 4646 quum
839 4563 898 4631 hoc
911 4564 945 4629 in
958 4562 1134 4630 studiorum
1146 4581 1262 4645 genere
1276 4579 1397 4629 summe
1412 4562 1537 4629 iecisset
1549 4562 1661 4641 omnia,
1686 4560 1854 4625 honoribus
1869 4578 1990 4643 quoquc
2008 4564 2144 4644 summis,

418 4668 471 4751 qui
499 4684 563 4731 non
590 4665 829 4731 invitamentum
856 4661 897 4728 ud
923 4668 1064 4745 tempus,
1103 4663 1160 4729 sed
1187 4667 1358 4745 perpetuae
1383 4662 1512 4729 uirtutis
1535 4667 1609 4729 sunt
1640 4661 1825 4745 praemium,
1856 4678 1939 4726 anno
1967 4659 2145 4727 MDXXOV

419 4765 534 4849 Aprilis
551 4764 656 4829 XXIX
673 4760 832 4829 tomheae
853 4760 1015 4827 iaculatis
1036 4763 1161 4830 demeto
1182 4781 1202 4829 a
1222 4761 1348 4845 Vulteio
1369 4768 1483 4829 auctus
1505 4765 1564 4827 est
1604 4759 1720 4827 Postea
1742 4776 1816 4825 vcro
1836 4756 1957 4841 Spiram
1980 4758 2144 4825 Nemetum

517 4937 542 5001 1)
560 4932 592 4986 lu
609 4931 744 4987 uolumine
769 4930 926 4987 Guaellano
947 4936 1075 4999 poemata
1093 4930 1221 4987 Fabronii
1246 4930 1399 4986 motinense
1426 4930 1477 4985 hoc
1510 4942 1681 4997 anagramma
1706 4928 1734 4982 iu
1760 4926 1828 4981 Phil.
1853 4925 2019 4983 Matthaeom
2042 4936 2144 4987 emtat:

419 5018 511 5075 PIUM
528 5016 660 5085 PETAS,
683 5016 733 5072 UT
751 5016 864 5073 LAPIS.

515 5106 542 5173 2)
561 5102 619 5157 Alii
636 5118 731 5159 uersus
747 5093 776 5157 in
792 5104 845 5159 vol.
863 5102 937 5159 cios.
956 5103 1148 5173 mammeti
1167 5101 1309 5159 adduntur.

516 5191 542 5259 til
561 5188 639 5246 Serio
656 5187 765 5257 scripsit
781 5187 836 5244 bu,

516 5278 543 5343 4)
560 5276 592 5331 ln
609 5274 669 5331 cod.
688 5279 777 5329 maist
794 5274 910 5329 literam.

515 5366 544 5427 b)
562 5362 622 5417 Hoc
639 5361 739 5418 fuetmo
763 5365 806 5415 est
828 5358 983 5429 Marpurgi,
1012 5376 1066 5429 quo
1089 5358 1249 5416 Gceddneus
1271 5377 1295 5417 a
1312 5358 1506 5417 MDLXXVlll
1531 5358 1678 5417 studiorum
1701 5360 1816 5415 maxime
1842 5356 2091 5429 philosophicorum
2117 5368 2145 5419 et

420 5448 634 5518 theologicorum
651 5462 736 5503 eausa
752 5462 783 5502 se
801 5446 957 5502 contulerat

1937 5532 1979 5598 9*
