5534 6984
616 807 663 879 78

616 1008 875 1081 RXSTITUENS
895 1008 968 1074 Hic
989 1006 1069 1076 SUB
1090 1004 1324 1075 ASSIGMATO
1345 1003 1427 1071 SIBI
1446 1002 1655 1071 MARMORE
1675 1001 1792 1070 SITUS
1814 999 1908 1082 EST,
1930 1000 2003 1081 QUI
2022 999 2137 1067 VleT
2152 998 2279 1065 ANNIS
2295 997 2350 1063 LX

616 1111 739 1181 MENS.
766 1111 820 1176 Vl.
849 1108 962 1175 OBIIT
989 1107 1101 1174 VERO
1127 1106 1244 1173 ANNO
1272 1103 1427 1170 DOMINI
1452 1103 1570 1171 MDLV
1598 1103 1671 1171 DIE
1696 1104 1816 1170 XXVII
1835 1101 1956 1181 JULII,
1992 1100 2115 1169 CUIUS
2144 1098 2279 1166 ANIMA
2305 1096 2351 1162 nl

617 1211 780 1285 SANGTX
798 1208 909 1279 Pacu
926 1206 1158 1275 AETERNUM
1179 1204 1394 1286 QUIRSOXT.
1435 1203 1563 1271 AMEN.

711 1328 797 1399 Iconi
817 1345 894 1395 vero
914 1323 1101 1406 subscripsit
1120 1322 1266 1389 Eobunus
1287 1326 1397 1387 noster
1417 1320 1511 1389 hoec:

1099 1422 1207 1479 Nomen
1224 1422 1330 1479 ioanni
1347 1421 1531 1491 Mepobucbm
1548 1425 1673 1491 temporo
1688 1421 1762 1475 uitae

1134 1508 1240 1563 Lustra
1256 1523 1367 1575 noum,
1379 1507 1478 1577 sornaa
1495 1507 1575 1573 baec,
1593 1521 1641 1561 ara
1651 1506 1793 1563 Medicina
1803 1506 1872 1576 suit.

1102 1594 1189 1667 Quam
1204 1594 1298 1648 rellan
1312 1609 1401 1649 mores
1414 1593 1552 1663 patuisset
1565 1593 1681 1663 pinpere
1700 1598 1725 1647 et
1742 1598 1836 1661 nrum,

1132 1680 1272 1750 Depinnit
1291 1680 1383 1734 uultus
1409 1679 1457 1749 qai
1472 1677 1639 1751 Megabaeic
1656 1682 1726 1735 taos.

619 1775 738 1839 Extant
757 1770 816 1835 viri
837 1767 1084 1850 Conpositianes
1106 1767 1263 1849 quaedam
1282 1766 1433 1833 Medione
1458 1771 1491 1832 ct
1512 1764 1660 1830 antidota
1680 1782 1739 1829 usu
1760 1765 1858 1871 longo
1872 1765 2080 1844 comprobata.

1291 2132 1456 2198 loannes
1482 2133 1681 2216 Dryander

1366 2248 1435 2305 alias
1452 2250 1608 2305 Eichmunn.

720 2370 809 2449 Quod
831 2368 869 2434 de
889 2368 999 2435 Ithaca
1021 2368 1148 2451 Ulysses
1168 2369 1252 2451 apud
1273 2369 1442 2435 Homerum
1465 2369 1576 2451 Odyss.
1597 2395 1608 2434 ι
1629 2369 1752 2454 τρηχεῖ’
1766 2368 1807 2450 1),
1836 2366 1906 2431 ἀλλ’
1931 2365 2043 2449 ripuar)
2063 2362 2292 2448 κουροτρόφος,
2324 2363 2355 2427 id

622 2473 700 2554 de²)
722 2470 839 2536 Hassis
861 2486 1015 2549 usurpare
1036 2469 1137 2550 possis
1157 2469 1287 2550 pariter.
1330 2469 1402 2534 Etsi
1421 2470 1502 2535 enim
1522 2484 1636 2551 aspera
1656 2475 1688 2535 et
1710 2473 1853 2535 montosa
1880 2466 1945 2531 fere
1974 2466 2027 2531 illa
2049 2469 2114 2545 est,
2145 2470 2251 2530 tamen
2270 2464 2355 2529 nullo

620 2589 682 2637 non
705 2576 845 2651 tempore
874 2568 1023 2650 ejusmodi
1053 2568 1160 2649 genuit
1187 2572 1221 2634 et
1248 2568 1329 2634 aluit
1353 2569 1453 2652 viros,
1485 2570 1537 2651 qui
1566 2568 1733 2635 reconditis
1761 2567 1937 2633 inertibus
1967 2571 2000 2630 et
2029 2564 2164 2645 quadam
2193 2565 2355 2629 literarum

621 2672 775 2737 varietate
794 2668 912 2734 versati
938 2687 1040 2741 nerum
1063 2668 1238 2749 cognitione
1258 2669 1424 2750 praecipue
1446 2666 1655 2734 effloruerunt.
1709 2670 1813 2749 Atque
1844 2667 1926 2731 inter
1953 2667 2029 2730 haec
2053 2664 2197 2746 equidem
2224 2663 2355 2729 Hassiae

622 2772 692 2836 loca
712 2769 827 2834 eminet
847 2768 895 2833 vel
916 2768 1057 2833 Wettara
1075 2768 1254 2850 praecipue,
1290 2786 1370 2849 quae
1398 2769 1458 2834 etsi
1490 2769 1670 2851 oppidulum
1700 2768 1742 2833 sit
1771 2767 1916 2847 exiguum
1954 2764 2137 2845 admodum,
2171 2770 2274 2829 tamen
2307 2768 2355 2827 tot

623 2870 796 2937 eruditione
818 2872 851 2932 et
871 2868 1014 2932 domrina
1033 2868 1244 2950 praestanteis
1266 2868 1348 2933 viros
1368 2867 1517 2951 protulit,
1539 2873 1576 2933 ut
1596 2868 1722 2949 reliquis
1742 2868 1864 2948 patriae
1887 2865 2008 2948 oppidis
2029 2865 2171 2931 omnibus
2193 2863 2250 2929 hae
2269 2864 2302 2927 in
2322 2882 2355 2926 re

622 2971 757 3055 palmam
783 2968 994 3050 praeripuisse
1022 2967 1175 3033 videatur.
1222 2967 1312 3033 Hanc
1340 2969 1447 3048 itaque
1478 2968 1596 3051 pariter
1626 2986 1696 3033 cum
1728 2967 1798 3033 aliis
1829 2967 1965 3048 patriam
1995 2971 2107 3031 nactus
2136 2969 2186 3031 cst
2214 2964 2355 3031 Jounnes

624 3068 815 3155 Dryander,
843 3067 999 3148 Medicus,
1025 3068 1242 3148 domenicus,
1270 3067 1478 3150 Philosophus
1505 3073 1538 3131 ct
1563 3066 1805 3133 Mathematicus
1835 3066 1965 3131 πολλῶν
1992 3064 2146 3140 ἀντάξιος
2173 3059 2295 3145 ἄλλων,
2321 3070 2357 3129 ut

625 3168 753 3239 Homeri
774 3172 848 3232 utar
868 3166 982 3254 uerbis.
1023 3166 1055 3232 ls
1074 3167 1196 3249 juvenis
1220 3186 1283 3233 non
1305 3168 1337 3233 in
1353 3168 1510 3233 desidiosa
1529 3167 1746 3247 oblectatione,
1769 3166 1851 3247 quod
1872 3166 1991 3231 isthaec
2013 3165 2093 3232 solet
2114 3169 2214 3243 aems,
2235 3169 2357 3246 tempus

625 3270 746 3355 posuit,
768 3285 876 3333 aarum
896 3266 1048 3333 acerrimo
1068 3266 1188 3348 studio,
1209 3269 1327 3349 optima
1348 3267 1492 3335 doctrina
1512 3275 1544 3335 et
1563 3267 1698 3333 maximo
1719 3285 1779 3332 usu
1801 3267 1945 3348 cognovit
1972 3271 2068 3347 atque
2098 3266 2251 3347 percepit,
2280 3281 2357 3345 quae

627 3373 710 3453 viro,
742 3366 795 3449 qui
822 3384 928 3433 curam
956 3365 1240 3448 cogitationemque
1268 3368 1299 3433 iu
1329 3368 1498 3434 utilitatem
1528 3367 1684 3448 publicam
1711 3367 1853 3433 derivare
1882 3367 2004 3448 cupiat,
2043 3365 2176 3431 tenenda
2197 3370 2285 3444 sunt,
2314 3366 2360 3429 ita

628 3472 767 3555 quidem,
794 3471 831 3535 ut
851 3467 893 3531 ad
913 3465 1065 3532 honorum
1085 3465 1237 3548 insignia,
1267 3486 1347 3549 quae
1372 3468 1457 3550 cepit
1481 3466 1677 3549 moguntiae,
1708 3486 1771 3533 non
1794 3466 1968 3548 obrepserit
1990 3465 2177 3545 clanculum,
2209 3464 2264 3530 sed
2286 3483 2360 3530 vera

625 3574 742 3639 virtute
761 3571 974 3649 consequutus
993 3564 1091 3631 fucrit
1112 3568 1228 3632 eadem
1271 3568 1407 3649 ideoque
1430 3586 1526 3649 quum
1546 3567 1772 3648 Megabocchus
1795 3568 1886 3633 aulae
1915 3586 1949 3632 se
1971 3566 2144 3632 addixisset
2165 3564 2281 3645 totuin,
2311 3566 2360 3631 hic

627 3673 693 3739 viro
714 3674 898 3749 surrogatus
913 3665 1098 3732 Medicinam
1116 3666 1257 3749 inprimis
1280 3673 1313 3732 et
1327 3667 1565 3733 mathematicos
1580 3667 1759 3749 disciplinas
1774 3686 1834 3733 non
1849 3666 1917 3733 aine
1931 3666 2011 3733 hono
2023 3665 2146 3747 publico
2159 3665 2247 3729 XXV
2261 3683 2360 3731 annos

629 3771 748 3850 docui,
767 3773 804 3834 ut
825 3785 882 3833 nec
901 3766 1012 3847 majori
1032 3766 1198 3847 gramme,
1219 3784 1275 3831 neo
1293 3767 1408 3847 studio,
1427 3784 1484 3831 nec
1500 3768 1702 3832 contentione
1719 3768 1834 3850 poterit
1848 3768 2022 3849 quisquam,
2042 3784 2139 3846 eaque
2159 3766 2192 3831 iu
2214 3767 2360 3845 statione,

629 3889 725 3954 quum
745 3867 841 3933 octies
861 3869 1050 3947 magistratu
1063 3864 1244 3947 perfunctus
1258 3872 1342 3931 esset
1354 3865 1550 3948 Academico,
1574 3868 1621 3933 vir
1635 3866 1786 3947 singulari
1801 3867 1963 3947 praeditus
1973 3865 2128 3931 modestia
2143 3866 2288 3932 Decemb.
2301 3866 2360 3930 XX

632 3972 683 4037 die
697 3986 778 4035 anno
790 3966 910 4033 MDLX
920 3969 950 4041 ³)
964 3965 1120 4046 occubuit,
1142 3966 1195 4031 sed
1214 3966 1260 4031 ita
1275 3971 1391 4047 tamen,
1412 3970 1448 4032 ut
1462 3966 1544 4048 quod
1559 3966 1598 4032 de
1613 3985 1647 4033 se
1660 3965 1821 4049 praedicat
1835 3965 1963 4045 Ennius,
1984 3965 2153 4031 etiamnum
2166 3966 2275 4031 volitet
2289 3968 2362 4031 mvn

630 4089 687 4155 per
704 4087 761 4136 ora
781 4068 891 4132 virum.
935 4065 1074 4146 Reliquit
1098 4064 1180 4131 enim
1208 4065 1375 4145 imaginem
1396 4083 1485 4131 suam
1507 4084 1569 4131 nou
1591 4065 1786 4131 lineamentis
1809 4070 1865 4131 aut
1886 4065 2058 4145 coloribus,
2082 4065 2137 4130 sod
2158 4064 2245 4130 libris
2267 4069 2363 4145 atquc

631 4170 745 4252 ingenii
765 4165 973 4233 monumentis
993 4164 1131 4246 aliquam
1152 4165 1268 4245 multis,
1290 4164 1388 4231 veluti
1403 4164 1530 4231 Phidiae
1545 4164 1716 4231 Mineruam
1731 4182 1921 4246 expressam,
1943 4164 2026 4231 undo
2039 4164 2172 4229 hominis
2189 4164 2362 4230 doctrinam

633 4271 798 4339 aestimare
818 4267 911 4332 liceat
929 4265 1025 4330 etiam
1045 4264 1199 4347 deinceps.
1241 4262 1358 4346 Suntr)
1379 4269 1484 4330 autem
1498 4264 1563 4331 iere
1577 4265 1734 4331 Auatomc
1763 4267 1879 4348 capitas
1899 4265 2031 4331 luamuni
2052 4264 2215 4347 Marpurgi
2235 4265 2276 4331 ab
2296 4265 2363 4345 ipso

634 4370 772 4439 exhibita
797 4365 935 4449 publica:
976 4365 1102 4431 Annali
1123 4366 1338 4432 Astrouoariei
1363 4372 1530 4433 structura
1558 4371 1587 4431 ei
1614 4365 1801 4447 explicatio:
1827 4365 2018 4448 Disputatio
2046 4366 2203 4447 qrraedam
2223 4367 2362 4432 ermelina:

636 4470 786 4556 Gylindri
806 4466 1013 4533 Astrouomici
1032 4465 1230 4532 instrumenti
1247 4465 1435 4546 Enplieaiio
1453 4465 1662 4531 Gemanica:
1683 4465 1829 4546 Spiuara
1845 4466 2024 4531 materialis
2044 4468 2110 4531 siro
2121 4466 2207 4548 plebi
2223 4466 2364 4533 coelestis

636 4570 820 4654 explicatio:
842 4566 1109 4649 (loamoqruplrioe
1128 4567 1336 4645 introductio,
1366 4587 1435 4631 cunr
1466 4565 1656 4647 quibusdem
1677 4565 1874 4632 Georrrelriae
1901 4573 1930 4629 ot
1949 4566 2173 4633 astronomiae
2188 4568 2365 4648 principiis

636 4694 706 4739 eam
732 4671 863 4737 adrem
889 4667 1097 4733 necessariis:
1126 4665 1350 4733 Astronomiac
1378 4672 1408 4729 et
1430 4664 1695 4748 Cosncoqruplu'ae
1723 4668 1965 4731 instrumentum
1986 4688 2051 4731 uua
2079 4686 2149 4731 cram
2175 4667 2363 4731 carronihus:

636 4773 779 4839 Libellus
802 4770 1012 4835 Gerenam'eus
1040 4766 1079 4831 da
1109 4765 1251 4831 ihennis
1279 4764 1505 4831 Embsacsibus
1534 4764 1710 4831 Omnitolus
1732 4764 1842 4831 Decii:
1871 4765 1995 4830 Prasia
2023 4768 2160 4831 ornniurn
2186 4766 2366 4833 arcariorum

630 4872 885 4956 particularium
913 4866 1106 4933 uniuersalis
1139 4863 1321 4931 Germanica
1350 4864 1449 4929 aliam
1490 4864 1633 4931 Libellus
1666 4864 1704 4931 de
1739 4886 1801 4931 asa
1835 4867 2037 4932 instrarneati
2071 4867 2271 4931 rroaiurnalis
2302 4886 2365 4946 pro

638 4973 808 5058 captandis
840 4970 928 5034 boris
960 4988 999 5031 ea
1034 4965 1199 5031 stellarum
1229 4966 1387 5045 inspecta:
1430 4964 1527 5031 hiber
1563 4964 1601 5031 de
1639 4964 1884 5047 Horoloqiorum
1918 4966 2013 5029 oar-ia
2050 4967 2287 5046 compositione:
2327 4965 2366 5029 de

638 5072 819 5138 Astrolohii
843 5067 1015 5133 canonibus
1043 5073 1075 5130 et
1095 5066 1287 5147 quadrantis
1316 5065 1532 5146 explicatione.
1584 5062 1689 5128 Pinxit
1717 5072 1749 5128 ct
1770 5063 1933 5147 Dryander
1955 5064 2032 5130 duos
2053 5065 2162 5147 globos
2185 5065 2367 5148 Astrrferos

741 5325 768 5393 l)
788 5322 842 5377 Dil.
862 5322 971 5391 scripsit
987 5323 1085 5393 rqrpa'⁴
1110 5348 1144 5359 -
1171 5320 1200 5384 2)
1219 5316 1253 5372 de
1270 5334 1321 5372 orn.
1338 5316 1392 5371 Dil.
1419 5349 1450 5359 -
1481 5322 1508 5386 3)
1528 5318 1620 5387 Imago
1638 5316 1779 5388 Dryaudri.

737 5413 766 5481 l)
784 5410 927 5465 Librorum
943 5408 1060 5464 indicam
1077 5406 1173 5475 paucis
1191 5405 1301 5461 mutatis
1318 5418 1334 5459 e
1352 5402 1491 5461 Boissardi
1508 5405 1580 5461 lcon.
1598 5404 1627 5459 P.
1648 5406 1692 5458 lll.
1712 5420 1739 5473 p.
1760 5405 1811 5460 500
1828 5420 1884 5474 sqq.
1904 5406 2034 5463 desumsit
2051 5406 2104 5460 Dil.
