5534 6984
1087 942 1331 1071 Christianus
1357 990 1546 1059 Stnrmius

1224 1094 1313 1153 Mala
1335 1096 1410 1153 Prol.

539 1218 630 1285 Hunc
650 1214 895 1297 Gudensberga,
921 1214 1076 1281 imerioris
1096 1212 1231 1281 Hasdae
1254 1214 1420 1298 oppidmr,
1448 1214 1582 1297 protulit
1610 1232 1694 1281 anno
1718 1215 2186 1285 ch.lss)xcv11Janu.v1u

441 1319 526 1385 inter
546 1317 591 1383 v1
611 1322 646 1383 et
665 1316 725 1383 VH
754 1314 864 1381 horam
893 1312 1120 1396 vespertinam,
1155 1316 1249 1395 patre
1281 1312 1422 1397 casparo
1453 1314 1607 1395 Stmmio,
1649 1319 1763 1396 postea
1797 1314 1960 1399 Marpurgi
1998 1315 2187 1399 Theologiae

441 1417 633 1485 Professore.
675 1415 735 1482 Hic
749 1420 916 1498 postquam
931 1411 1034 1497 prima
1053 1412 1217 1479 literarum
1236 1412 1443 1481 fundamenta
1462 1413 1496 1479 in
1510 1414 1616 1496 patria
1631 1412 1736 1479 schola
1753 1414 1891 1499 jecisset,
1910 1432 1980 1481 enm
1999 1415 2185 1499 parentibus

440 1535 524 1585 auno
545 1514 664 1583 MDCV
684 1514 890 1597 Marpurgum
911 1510 1071 1595 proiectus
1094 1519 1146 1579 est
1174 1512 1281 1596 ibique
1303 1511 1483 1579 inchoatum
1504 1513 1679 1579 studiorum
1701 1530 1827 1579 snorum
1854 1528 1979 1580 cursum
2006 1515 2039 1581 in
2067 1534 2184 1581 annum

303 1634 310 1645 ·
441 1614 650 1700 usqneDGIX
663 1613 916 1698 protraxisaeu),
937 1628 1001 1695 quo
1014 1613 1127 1680 eodem
1140 1631 1222 1679 anno
1241 1618 1407 1696 parentum
1425 1612 1551 1680 oonsilio
1566 1610 1805 1697 Heidelbergam
1819 1630 1853 1680 se
1866 1614 2006 1696 mnudit,
2026 1633 2063 1680 eo
2078 1618 2184 1682 animo

442 1722 480 1784 ut
499 1722 573 1800 post
593 1732 710 1783 annum
729 1712 847 1781 ibidem
865 1718 1012 1779 exactum
1040 1712 1081 1779 ad
1109 1712 1188 1778 alias
1215 1713 1312 1779 etiam
1335 1712 1523 1779 Germaniae
1549 1718 1791 1795 exterarumque
1815 1713 1979 1781 nationum
1999 1714 2183 1783 Academias

442 1818 654 1899 ablegaretur.
694 1810 849 1893 Quoniam
867 1830 942 1879 varo
962 1813 1084 1880 intem
1113 1813 1263 1895 temporis
1289 1811 1432 1878 horribili
1460 1810 1613 1877 bellorum
1642 1812 1784 1879 incendio
1813 1831 1875 1879 non
1896 1812 2066 1881 Germania
2085 1816 2184 1883 solum

441 1923 530 1997 tota,
556 1915 611 1983 sed
630 1914 774 1995 regiones
799 1913 894 1979 etiam
920 1910 1071 1979 finitimae
1099 1911 1214 1977 ardere
1239 1911 1446 1993 incipiebant,
1471 1910 1552 1976 adeo
1580 1916 1617 1977 ut
1644 1910 1754 1977 nullibi
1782 1916 1886 1978 totum
1912 1913 2184 1995 peregrinantibus

442 2021 569 2099 pateret
588 2016 665 2095 iter,
693 2030 715 2079 a
741 2017 873 2095 parente
900 2010 1110 2093 Heidelberga
1145 2016 1298 2079 avocatus
1328 2010 1533 2093 Marpurgum
1568 2008 1662 2076 rediit
1690 2028 1728 2077 ac
1758 2010 1831 2077 inde
1855 2010 2121 2095 jnrisprudentiae
2151 2019 2184 2079 et

443 2112 661 2202 Philosophiae
681 2111 818 2178 studium
838 2129 938 2193 usque
960 2110 1000 2176 ad
1020 2109 1188 2178 MDOXXI
1206 2127 1323 2177 annum
1344 2110 1481 2176 studiosi
1500 2109 1646 2176 industrii
1669 2128 1754 2176 more
1774 2110 1977 2179 continuavit.
2020 2114 2184 2197 Ingenium

443 2219 474 2281 ei
503 2213 629 2279 obtutis
660 2212 858 2293 omniumque
886 2210 1092 2277 laudabilium
1122 2210 1237 2275 artium
1273 2210 1520 2275 amantisdmum
1557 2210 1703 2275 attribuit
1736 2216 1868 2289 natura,
1905 2211 1989 2278 unde
2017 2212 2185 2295 inprimis

441 2313 619 2399 pubertatis
640 2312 732 2377 annis
752 2309 979 2392 Philosophiae,
1000 2310 1179 2392 cumprimis
1200 2326 1273 2375 nero
1294 2308 1590 2375 Mathematicarum
1611 2309 1842 2391 disciplinarum
1863 2328 1900 2379 ac
1920 2310 2064 2394 Pedanos,
2089 2330 2184 2395 quae-

442 2431 503 2497 que
524 2412 574 2478 his
595 2410 703 2478 affinia
723 2418 814 2493 sont,
846 2427 952 2475 amore
971 2416 1069 2491 atque
1097 2409 1252 2475 desiderio
1280 2409 1449 2475 tenebatur
1477 2425 1614 2489 summo,
1644 2409 1742 2492 iisque
1770 2410 1897 2477 assidua
1920 2428 1996 2477 eura
2021 2430 2060 2478 ao
2080 2412 2185 2478 studio

441 2512 598 2579 indefesso
619 2529 713 2594 quam
733 2510 952 2577 ardentissime
971 2516 1069 2575 noctu
1089 2508 1202 2591 dieque
1222 2507 1415 2588 invigdabat.
1458 2506 1572 2575 Postea
1590 2526 1658 2573 cum
1677 2508 1824 2591 jucundis
1841 2510 1911 2577 istis
1930 2512 2025 2577 animi
2047 2509 2185 2578 oblecta-

441 2614 557 2679 mentis
577 2611 766 2686 fructuosius
786 2615 820 2675 et
841 2610 949 2676 utilius
970 2607 1244 2691 Jurisprudentine
1263 2606 1403 2673 studium
1424 2607 1592 2690 conjunxit,
1612 2626 1648 2674 ac
1663 2608 1695 2673 in
1710 2614 1846 2692 utraque
1860 2608 2017 2692 bodam,
2039 2612 2184 2693 quamue

438 2712 570 2797 juvenili
589 2710 694 2777 adbuc
714 2710 844 2776 floreret
863 2709 988 2790 vigore,
1009 2726 1046 2773 eo
1067 2705 1339 2791 progrediebatur,
1360 2712 1398 2772 ut
1418 2706 1477 2772 viri
1496 2724 1535 2771 ex
1555 2709 1638 2773 omni
1657 2716 1750 2790 parte
1772 2708 1887 2777 eruditi
1907 2708 2033 2775 laudem
2052 2710 2083 2777 in
2104 2710 2187 2777 virili

442 2814 625 2880 maturitate
645 2829 679 2877 se
699 2812 940 2893 impetraturum
960 2813 1102 2890 speraret
1122 2812 1155 2872 et
1171 2804 1342 2871 confideret
1356 2807 1488 2873 omnino.
1531 2806 2046 2893 ltaqueannoch.ll1)cxll1²),
2066 2811 2186 2877 aetatis

442 2932 516 2979 vero
547 2911 652 2977 XXIV
681 2909 850 2991 completo,
892 2912 1060 2990 postquam
1087 2924 1126 2971 ex
1159 2906 1333 2988 praemissa
1366 2906 1541 2973 studiorum
1578 2922 1615 2973 ae
1646 2906 1831 2973 eruditionis
1862 2908 2076 2991 exploratione
2112 2909 2185 2975 huic

441 3014 621 3097 provinciae
655 3008 856 3077 sustinendae
892 3006 1049 3073 sufficiens
1088 3010 1121 3071 et
1159 3004 1289 3071 idoneus
1323 3004 1482 3089 judicatus
1516 3011 1617 3087 esset,
1659 3006 1703 3072 ad
1734 3006 1891 3089 publicam
1929 3016 1961 3074 et
1994 3008 2185 3075 ordinariam

442 3112 740 3181 Mathematioarum
764 3106 924 3189 artium⁸)
951 3104 1174 3190 professionem
1201 3104 1366 3187 Marpurgi
1393 3104 1549 3173 admbsns
1573 3112 1632 3173 est.
1682 3106 1749 3187 Quo
1775 3108 1870 3174 etia'm
1897 3126 1979 3175 anno
2006 3108 2185 3176 connubiali

443 3214 592 3281 astrinxit
626 3211 687 3278 sibi
717 3208 839 3276 vinculo
877 3206 1044 3273 honestiss.
1075 3205 1226 3287 virginem
1257 3204 1434 3286 Martbum
1475 3205 1514 3272 D.
1542 3206 1674 3273 loannis
1703 3206 1817 3273 Kleinii
1845 3208 1875 3275 J.
1905 3208 1939 3276 Ο.
1970 3214 2003 3277 et
2031 3208 2183 3276 Advocati

444 3312 617 3381 Camellani
643 3310 755 3391 filiurn,
781 3309 879 3391 Regu.
913 3306 1027 3374 Sixtini
1066 3310 1209 3388 neptem,
1251 3322 1332 3387 quae
1368 3310 1474 3370 umen
1507 3306 1648 3387 proxime
1681 3308 1824 3390 omnent
1859 3324 1941 3377 anno
1969 3314 2072 3379 morte
2106 3309 2185 3376 obiit

443 3416 658 3493 immotum).
700 3409 833 3493 Imagini
855 3406 1028 3476 Christiani
1048 3405 1125 3471 haec
1144 3404 1278 3486 Eglinus
1298 3405 1461 3487 apposuit:

926 3506 1064 3563 Samae
1081 3505 1199 3575 insignis
1213 3505 1357 3575 primaevo
1374 3503 1405 3559 ἐκ
1417 3504 1490 3574 flore
1504 3503 1650 3574 professor

961 3590 1136 3646 &maenas
1153 3590 1216 3646 coni
1231 3606 1298 3645 ocra
1310 3606 1442 3661 propago
1456 3590 1557 3661 patrois,

927 3676 1027 3734 uode
1044 3678 1244 3733 Menoeceos
1262 3676 1382 3742 excellit,
1410 3692 1488 3746 poem
1504 3676 1702 3745 Jercparitum,

960 3765 1002 3821 Et
1024 3764 1126 3821 Vasta
1141 3770 1231 3819 oetam
1245 3764 1312 3819 boec
1328 3761 1418 3819 dulcis
1434 3763 1525 3833 irrogo
1544 3762 1630 3830 refert
1640 3764 1671 3831 ⁸).

546 3913 573 3980 l]
591 3911 636 3966 Sic
653 3911 763 3979 scripsit
780 3910 835 3964 Dil.

541 4001 570 4055 Pr
588 3996 735 4052 Manifesto
752 4011 844 4051 errore
861 3995 915 4051 Dil.
935 3995 1046 4065 scripsit
1063 3992 1194 4049 unxxi

543 4085 573 4153 3)
590 4083 681 4139 Locus
697 4081 831 4152 imaginis.

541 4170 570 4239 a)
587 4170 679 4238 lpsum
698 4168 799 4225 obiisse
817 4166 883 4223 dicit
900 4182 971 4223 anno
990 4183 1044 4224 non
1062 4166 1154 4224 addito
1174 4168 1323 4242 Pistorius,
1340 4173 1418 4242 cujas
1436 4168 1617 4239 Propylaeum
1636 4168 1738 4227 aditam
1755 4174 1798 4226 est
1815 4184 1839 4227 a
1861 4172 1935 4227 leet.

540 4257 570 4323 5)
587 4256 792 4324 Subsequuntur
822 4253 975 4324 complures
1001 4254 1094 4311 acidae
1120 4270 1224 4313 vacuae
1252 4256 1373 4327 qnidam,
1412 4255 1461 4312 sed
1493 4256 1574 4313 lineis
1608 4256 1798 4313 circumductis
1827 4256 1859 4313 ad
1886 4256 2082 4314 coaffluandas
2114 4256 2183 4311 vitas

444 4340 671 4398 accommodatae.
