5534 6984
590 832 638 899 90

590 1034 710 1114 Quibus
733 1032 848 1099 studiis
869 1030 902 1095 id
924 1027 1043 1111 effecit,
1072 1035 1109 1096 nt
1130 1030 1304 1097 medicandi
1324 1030 1438 1115 peritia
1459 1029 1511 1095 vix
1531 1029 1586 1095 ulli
1605 1030 1832 1111 comparandus
1853 1030 1886 1096 in
1907 1031 1981 1096 aula
2002 1032 2222 1116 Marpurgensi
2244 1038 2326 1118 apud

589 1134 782 1200 Ludovicum
800 1130 984 1211 Principem
1018 1148 1170 1196 summam
1198 1132 1332 1213 gratiam
1359 1138 1393 1197 et
1419 1132 1559 1197 favorem
1590 1130 1766 1212 colligeret,
1802 1133 1987 1212 praesertim
2027 1152 2121 1215 quum
2157 1135 2328 1202 eruditioni

589 1232 756 1315 singularis
778 1230 932 1312 quaedam
953 1230 1086 1295 comitas
1108 1236 1141 1296 et
1161 1232 1378 1315 εὐτραπελία,
1404 1246 1424 1295 a
1445 1248 1507 1311 qua
1528 1230 1627 1295 omnis
1648 1229 1750 1295 fastus
1771 1235 1830 1295 ant
1849 1230 2031 1298 fastidiosus
2051 1234 2181 1299 aliorum
2203 1234 2327 1301 abesset

590 1337 804 1413 contemptus,
828 1330 1020 1411 respondere
1049 1330 1288 1412 intelligeretur.
1340 1332 1405 1397 Nec
1433 1330 1535 1394 minus
1557 1334 1631 1409 post
1652 1328 1800 1394 Ludo'uici
1822 1330 2014 1411 Landgravii
2035 1332 2153 1398 obitum
2176 1334 2326 1400 Mauritio

591 1432 728 1513 Principi
750 1437 862 1512 gratus
885 1435 918 1495 et
936 1435 1081 1511 acceptus
1095 1430 1296 1512 authoritate,
1318 1430 1419 1512 gloria
1442 1434 1474 1493 et
1494 1426 1724 1492 existimatione
1747 1427 1889 1510 effloruit,
1911 1431 1937 1495 si
1955 1432 2119 1512 quisquam
2139 1433 2227 1515 alius,
2245 1435 2327 1500 inter

590 1533 639 1598 sui
662 1532 781 1597 ordinis
804 1530 951 1595 homines,
999 1531 1037 1594 ln
1062 1531 1233 1595 Academia
1260 1530 1355 1595 etiam
1384 1526 1555 1592 honoribus
1583 1526 1764 1607 perfunctus
1794 1535 1843 1594 est
1872 1532 2068 1610 amplissimis
2102 1533 2150 1597 uel
2178 1538 2327 1614 quartum

590 1633 712 1697 Rector.
761 1629 804 1693 Et
832 1630 949 1711 primus
978 1629 1103 1708 quidem
1133 1629 1265 1693 hominis
1296 1629 1485 1693 Rectoratus
1517 1626 1627 1691 incidit
1658 1627 1689 1692 in
1718 1645 1835 1693 annum
1862 1627 1978 1696 Salutis
1999 1632 2193 1713 MDXXCV,
2225 1651 2287 1713 quo
2300 1637 2327 1714 ¹)

590 1739 730 1812 ternpore
749 1729 859 1794 Musae
881 1733 1009 1809 propter
1028 1727 1204 1808 pestilentis
1223 1728 1360 1808 contagii
1381 1731 1500 1792 metum
1522 1726 1669 1791 Helicone
1690 1726 1748 1793 hoc
1769 1746 1826 1792 suo
1852 1729 1958 1794 relicto
1979 1731 2114 1811 migrare
2135 1734 2327 1813 cogebantur

591 1831 668 1911 alio,
704 1828 872 1894 Academia
901 1826 1025 1908 quidem
1053 1827 1318 1909 Francobergam,
1354 1826 1592 1906 Paedagogeum
1621 1844 1695 1891 vero
1724 1826 1898 1909 Wetteras,
1935 1830 2102 1912 codemque
2131 1834 2226 1897 ctiam
2258 1833 2324 1898 fato

590 1948 672 1994 anno
695 1927 811 1993 XCVII
832 1924 958 1992 tertium
978 1926 1092 1990 Rector
1111 1926 1295 1991 Academiae
1323 1926 1535 2007 gubernacula
1563 1926 1678 2006 tenuit,
1708 1926 1763 1990 sed
1785 1933 1875 1992 tanto
1899 1930 2050 2012 graviori,
2071 1937 2190 2012 quanto
2210 1933 2325 1997 malum

590 2031 691 2109 ipsum
713 2027 859 2108 serpebat
880 2026 984 2089 latins.
1027 2024 1107 2088 Nam
1129 2030 1195 2089 tum
1216 2026 1341 2107 quidem
1363 2025 1511 2105 temporis
1533 2024 1634 2089 nullus
1657 2026 1689 2089 in
1710 2026 1825 2092 Hassia
1847 2027 1932 2093 locus
1952 2047 1971 2093 a
1997 2032 2085 2110 gravi
2112 2036 2144 2095 et
2167 2033 2325 2113 pestilenti

590 2128 780 2209 aspiratione
802 2131 871 2190 erat
892 2125 1055 2204 inmunia,
1086 2125 1139 2203 qui
1165 2125 1364 2189 Academiam
1394 2124 1536 2203 excipere
1564 2124 1719 2204 potuisset
1747 2131 1780 2190 et
1800 2126 1915 2192 fovere.
1964 2129 2101 2211 Ideoque
2132 2150 2226 2212 grego
2256 2133 2325 2213 ipso

589 2227 772 2292 Academico
794 2226 953 2305 disperse,
973 2241 1033 2304 quo
1052 2224 1182 2304 quisque
1201 2229 1324 2304 poterat
1345 2223 1571 2303 professorum,
1593 2229 1629 2288 ut
1650 2224 1734 2288 vitae
1756 2226 1933 2291 consuleret
1954 2234 1986 2293 ct
2008 2229 2110 2311 saluti,
2133 2230 2324 2310 diffugiebat.

589 2330 679 2392 aluno
700 2326 899 2407 postmodum
918 2323 1005 2388 DCII
1026 2341 1096 2387 curn
1114 2328 1229 2403 quarta
1251 2323 1316 2386 vice
1330 2322 1470 2385 Rectoris
1493 2322 1664 2387 sustineret
1677 2342 1806 2406 manue,
1830 2326 2046 2408 Loudgrovius
2062 2329 2159 2394 Ottho
2180 2331 2237 2394 XV
2250 2331 2326 2396 Julii

589 2430 621 2492 in
641 2427 745 2491 albmn
774 2424 995 2491 Studiosorum
1023 2422 1142 2486 relatus
1173 2426 1232 2485 est.
1283 2421 1436 2485 Vicesimo
1466 2439 1587 2502 quoque
1620 2424 1749 2503 septimo
1780 2424 1915 2506 ejusdem
1946 2427 1978 2491 in
2005 2428 2091 2492 Juris
2114 2430 2325 2495 consultormn

587 2527 760 2605 auditorio,
795 2524 879 2605 quod
902 2522 942 2586 ad
962 2522 1084 2586 Lunum
1113 2524 1177 2601 est,
1208 2520 1348 2585 oratione
1376 2521 1524 2601 primum,
1555 2520 1668 2586 deinde
1699 2522 1732 2585 in
1761 2525 1935 2590 consistorii
1965 2527 2039 2591 aula
2060 2546 2154 2592 coena
2177 2528 2324 2611 hospitali

588 2626 710 2706 excepti
732 2628 807 2688 sunt
827 2622 989 2703 Philippus
1010 2620 1112 2685 Julius
1134 2620 1338 2685 Pomorauiae
1359 2620 1422 2683 dux
1441 2624 1473 2683 et
1492 2619 1667 2685 Joachimus
1690 2621 1787 2688 abbas
1808 2624 2049 2692 llersteldansis.
2094 2628 2232 2693 Tandem
2255 2647 2322 2695 curn

589 2725 739 2790 XXXILX
768 2740 865 2787 annos
898 2739 961 2786 non
988 2720 1175 2784 Academiae
1203 2719 1315 2801 solum,
1353 2738 1461 2784 verum
1488 2720 1583 2783 etiam
1611 2720 1807 2802 Principibus
1837 2725 1911 2805 ipsis
1941 2736 1975 2790 et
2007 2728 2171 2793 uniuersae
2203 2730 2324 2810 patriae

588 2842 715 2904 operam
733 2821 973 2900 commodasset,
996 2821 1071 2900 ipsis
1093 2819 1162 2883 Kal.
1186 2818 1290 2883 Juniis
1311 2836 1393 2883 anuo
1408 2817 1574 2883 MDGXVI
1594 2821 1780 2901 aequissimo
1802 2825 1904 2889 animo
1925 2828 2058 2907 oppetiit
2079 2834 2226 2908 mortem,
2250 2831 2323 2910 quia

588 2925 621 2987 id
644 2925 709 2987 uita
728 2929 799 2988 acta
819 2920 1008 3003 perfecerat,
1027 2924 1062 2984 ut
1082 2919 1159 2983 satis
1182 2936 1335 2999 superque
1355 2918 1469 2982 vixisse
1491 2918 1656 2983 videretur.
1699 2921 1736 2985 In
1759 2923 1826 3003 ejns
1850 2923 1982 3005 effigiem
2002 2926 2131 3006 Egliuus

1072 3017 1249 3087 Principibus
1265 3023 1376 3085 pratus,
1395 3016 1557 3086 Medicoquc
1571 3019 1719 3086 Professor
1733 3024 1760 3074 iu
1778 3029 1844 3087 orte,
1863 3084 1866 3099 ι

1104 3106 1227 3158 Joairnes
1246 3104 1298 3157 toli
1320 3104 1467 3172 Wolplu'ua
1486 3120 1533 3158 ore
1546 3105 1623 3171 suita

1073 3189 1213 3244 Providus
1231 3195 1293 3243 anic
1311 3190 1394 3255 alios,
1414 3192 1475 3243 aeui
1492 3197 1630 3255 aucturus,
1650 3206 1731 3259 opum
1751 3196 1777 3245 ni

1107 3275 1287 3345 Splendidus,
1305 3276 1460 3330 Hossiucoe
1478 3276 1527 3330 laia
1544 3278 1715 3345 columenque
1728 3280 1841 3332 aeliotae.

1281 3513 1417 3579 Paulus
1448 3514 1635 3579 Cellarius

688 3649 901 3728 Cassellanus,
923 3644 1095 3710 Medicinae
1119 3644 1313 3711 Candidatus
1336 3666 1354 3711 e
1376 3646 1568 3728 Tubingensi
1590 3648 1693 3713 schola
1714 3668 1912 3731 progressus,
1936 3672 2005 3718 cmn
2025 3654 2165 3722 doctrina
2185 3660 2324 3724 excultus

588 3756 755 3833 putaretur
772 3749 867 3828 satiS,
888 3748 919 3811 in
933 3745 1125 3809 Medicorum
1146 3745 1331 3811 adsciscitur
1351 3765 1514 3811 numerum
1535 3753 1567 3812 et
1587 3748 1674 3814 Juuii
1695 3750 1784 3815 XVII
1805 3752 2070 3820 anrriMDXXCV
2092 3758 2190 3823 solitis
2212 3760 2324 3824 ritibus

588 3871 609 3916 a
631 3850 753 3916 Joauue
775 3846 899 3911 Wolffio
922 3844 1044 3909 Medico
1065 3843 1325 3928 proclamatur2).
1373 3846 1422 3909 Ex
1453 3865 1490 3911 eo
1521 3852 1660 3929 tempore
1683 3849 1868 3915 Academiae
1888 3854 2022 3932 primum
2044 3860 2076 3919 et
2098 3857 2208 3924 deinde
2230 3860 2324 3923 ctiam

590 3948 790 4017 Nosodochiis
819 3950 970 4029 quatuor,
1003 3948 1039 4007 ut
1073 3942 1285 4024 appellantur,
1324 3945 1357 4009 in
1384 3946 1500 4012 Hassia
1525 3948 1696 4030 majoribus
1725 3948 1847 4014 fidelem
1872 3971 2000 4033 prorsus
2034 3958 2160 4021 navavit
2185 3976 2323 4039 operam,

590 4068 718 4116 suarium
733 4065 836 4113 rerum
857 4051 891 4112 et
909 4042 1045 4141 muneris
1067 4048 1218 4123 satagens
1232 4044 1279 4107 vel
1294 4044 1451 4128 inprimiS,
1477 4046 1574 4112 donec
1595 4048 1626 4111 in
1648 4046 1788 4113 morbum
1810 4049 1919 4117 incidit
1939 4053 2119 4120 diuturnum
2143 4063 2174 4121 et
2189 4075 2324 4141 gravem

589 4169 658 4215 cum
679 4167 741 4230 quo
763 4145 872 4212 acerbe
892 4144 969 4210 satis
993 4141 1186 4208 conflictatus
1207 4143 1298 4224 longe
1319 4149 1395 4210 ante
1416 4147 1493 4212 mori
1514 4147 1633 4227 didicit,
1663 4166 1757 4228 quam
1780 4157 1965 4217 moreretur.
2016 4154 2157 4220 Tandem
2186 4161 2323 4241 corporis

589 4250 683 4331 hujus
705 4246 905 4329 compedibus
926 4245 1047 4309 solutus
1069 4242 1147 4307 abiit
1167 4243 1207 4308 ad
1227 4243 1332 4324 plures
1353 4244 1428 4309 XIV
1447 4246 1517 4311 Jan.
1531 4252 1559 4328 ³)
1585 4264 1668 4310 anno
1690 4246 1867 4329 DCXXF).
1910 4252 1956 4315 De
1979 4256 2174 4334 perennitate
2197 4259 2323 4338 pietatis

590 4355 622 4415 et
644 4350 722 4414 artis
742 4347 830 4414 Pauli
853 4344 976 4411 Cellarii
997 4342 1197 4408 Hermanuus
1218 4342 1394 4409 Fabronius

1074 4440 1172 4495 Omnia
1186 4444 1347 4510 praete-ritis
1365 4445 1501 4497 motibus
1519 4450 1582 4497 acto
1603 4450 1750 4507 sciuerunt,

977 4552 991 4579 ο
1106 4528 1165 4581 Nec
1182 4530 1250 4582 solet
1267 4531 1376 4597 uictiqui
1391 4532 1470 4599 plebe
1487 4547 1588 4583 mentor
1605 4546 1661 4582 casa
1678 4532 1729 4583 aui.

1073 4613 1146 4666 Para
1163 4614 1259 4667 melio-r
1275 4617 1361 4680 uitae,
1378 4632 1475 4669 amaea
1490 4618 1604 4685 piatatis
1624 4622 1650 4671 et
1668 4617 1746 4679 arlia,

1104 4699 1227 4753 Artubua
1245 4701 1396 4768 absumptis
1414 4702 1548 4756 interiisse
1567 4704 1666 4769 arrpuit·

1073 4783 1118 4838 Sic
1137 4785 1182 4838 ubi
1201 4785 1324 4839 discessit
1335 4786 1437 4855 fragili
1457 4787 1590 4842 cellarius
1608 4789 1678 4852 orbe,

1108 4871 1259 4940 Perpetuat
1276 4872 1400 4925 meritura
1418 4890 1512 4928 aoruca
1530 4876 1559 4928 in
1578 4875 1640 4929 orbe
1656 4891 1735 4929 aaaron
1747 4884 1779 4939 ⁵).

591 4986 975 4998 -..----

738 5083 803 5139 Col.
821 5084 905 5138 habet
922 5102 998 5153 perae.

688 5086 718 5239 Ξ
736 5172 937 5226 Professionem
955 5172 1086 5227 medicam
1103 5172 1266 5229 ordinariam
1283 5175 1336 5243 ipsi
1354 5175 1509 5231 mandatam
1527 5192 1588 5231 esse
1608 5177 1632 5231 d.
1651 5176 1696 5231 lX.
1716 5176 1782 5232 Nou.
1805 5180 1883 5243 1533,
1903 5178 2001 5230 Album
2021 5177 2095 5231 acad.
2114 5177 2203 5231 tradit.

705 5260 717 5325 l

735 5258 843 5312 Erravit
859 5257 928 5324 Dil,
945 5273 1005 5312 nam
1022 5258 1123 5314 Album
1141 5259 1216 5315 acad.
1237 5261 1262 5315 d.
1282 5262 1574 5332 X1.Jau.mortuum,
1594 5262 1618 5317 d.
1639 5263 1709 5319 XlV.
1730 5264 1865 5333 sepultum
1887 5278 1946 5318 osse
1966 5262 2037 5317 dicit.

688 5345 719 5411 4)
736 5345 826 5411 imago
843 5342 962 5398 Cellarii.

689 5431 717 5498 b)
737 5430 781 5484 Sic
799 5428 866 5498 Dil,
884 5428 1033 5485 Fabronius
1050 5429 1109 5497 ipse
1127 5430 1155 5484 in
1174 5431 1225 5485 vol.
1245 5431 1318 5486 Cass
1339 5436 1433 5486 uirum.
