5534 6984
2118 845 2164 917 23

422 1029 535 1107 postea
559 1025 591 1091 in
619 1043 656 1091 eo
686 1026 829 1110 pistrino
855 1026 971 1094 diuum
1001 1027 1042 1093 ob
1068 1027 1199 1109 hospitis
1225 1025 1367 1094 difficiles
1396 1034 1501 1094 motus
1528 1029 1634 1096 vivere
1654 1045 1713 1096 nec
1740 1035 1849 1112 posset
1871 1047 1929 1098 nec
1948 1031 2058 1114 vellet,
2081 1049 2104 1098 a
2124 1034 2164 1100 D.

421 1119 573 1207 Dionysio
605 1125 645 1191 ab
666 1124 791 1208 Edinga
811 1125 961 1192 Merensis
989 1125 1113 1206 collegii
1141 1125 1320 1208 praeposito
1347 1127 1494 1210 ampliori
1521 1127 1647 1193 scholae
1672 1132 1707 1194 ct
1727 1129 1882 1212 ejusmodi
1900 1129 2166 1214 adolescentibus,

422 1224 475 1305 qui
495 1223 656 1291 uberiores
682 1225 715 1291 in
740 1224 857 1290 studiis
877 1223 1016 1291 ieeemnt
1036 1241 1237 1306 pmgressus,
1265 1241 1395 1292 numero
1416 1225 1489 1306 plns
1508 1225 1612 1290 miuus
1634 1225 1814 1307 quingentis
1835 1227 1995 1294 adbibitus
2016 1228 2166 1310 docendo,

421 1320 620 1405 disserendo,
647 1323 866 1405 declamando,
896 1321 1071 1390 comoedias
1092 1327 1125 1390 et
1152 1323 1332 1406 tragoedias
1351 1322 1485 1405 publicis
1505 1323 1692 1405 spectaculis
1715 1325 1889 1393 exhibendo
1909 1343 2011 1393 annos
2029 1334 2167 1411 quatuor

421 1420 469 1488 ita
487 1421 670 1504 elaboravit,
692 1425 730 1488 ut
749 1422 937 1504 optimatum
957 1421 1135 1504 cumprimis
1155 1421 1261 1488 inierit
1281 1423 1428 1504 gmtiam.
1469 1423 1513 1488 nt
1531 1423 1615 1488 enim
1636 1441 1732 1505 quum
1752 1424 1786 1490 in
1803 1420 2010 1509 Lethamnos,
2030 1428 2078 1494 uti
2099 1433 2167 1495 tum

422 1521 571 1602 temporis
598 1515 839 1604 appellabantur
858 1518 920 1602 illi,
948 1521 1003 1603 qni
1024 1539 1086 1587 non
1108 1522 1264 1587 hominnm
1292 1521 1434 1604 placitis,
1463 1520 1521 1587 sed
1549 1538 1712 1588 sacrarum
1740 1522 1902 1590 literamm
1930 1542 2041 1592 norma
2060 1527 2101 1593 dc
2118 1527 2167 1608 iia,

422 1635 504 1701 quae
524 1619 565 1685 ad
586 1617 718 1686 mintem
739 1624 881 1685 noemam
902 1619 1052 1702 attinent,
1073 1619 1314 1686 existimandum
1334 1620 1506 1704 putabant,
1527 1621 1702 1687 saeviretur
1721 1619 1866 1704 manime,
1887 1628 1922 1688 ct
1939 1641 2013 1690 vero
2034 1641 2104 1692 sese
2123 1627 2166 1693 ad

422 1718 594 1785 eorundem
616 1717 791 1785 documen
819 1718 849 1784 is
879 1718 948 1801 ipse
965 1719 1191 1802 composuisset
1208 1719 1343 1802 pridem,
1366 1720 1571 1802 Antucrpiam
1597 1739 1618 1786 a
1637 1719 1865 1788 mercatoribus
1886 1723 2076 1805 quibusdam
2095 1741 2168 1792 evo—

423 1821 529 1900 catus,
557 1817 641 1898 qnod
670 1816 755 1900 apud
782 1815 1005 1884 Gendasenses
1017 1822 1047 1898 ¹)
1084 1819 1189 1885 omnia
1218 1818 1260 1884 ad
1291 1818 1465 1884 terribilem
1495 1818 1655 1901 quandam
1691 1837 1823 1900 vergere
1850 1821 2034 1888 viderentur
2062 1831 2168 1890 rernm

421 1914 548 1998 Mem,
574 1913 687 1982 lubens
716 1915 840 1998 quidem
860 1915 1030 1999 acquievit,
1060 1917 1116 1984 sed
1136 1915 1210 2000 quia
1236 1921 1269 1983 et
1290 1917 1404 1984 ibidem
1433 1920 1467 1984 in
1487 1935 1607 2000 omnes,
1637 1917 1813 2000 dequibus
1836 1920 1996 1988 incidebat
2022 1923 2169 2005 suspicio,

422 2013 580 2081 monacbis
614 2013 814 2084 saeviebatur
848 2017 1021 2098 promiscue
1054 2015 1227 2098 crudelius,
1263 2017 1438 2099 incoepta
1472 2033 1597 2100 qnoque
1623 2017 1743 2084 relictis
1772 2019 1934 2100 omnibus,
1969 2019 2168 2104 bibliotheca,

422 2111 627 2196 suppellectili
655 2118 688 2179 et
708 2111 829 2196 aliquot
853 2114 1042 2182 creditomm
1064 2131 1192 2181 suonam
1219 2115 1475 2198 stipulationibus
1504 2115 1665 2184 dnoedere
1685 2121 1815 2183 mactns
1835 2123 1894 2184 est
1936 2118 1990 2186 Sic
2005 2120 2114 2203 itaque
2133 2119 2168 2186 in

422 2211 588 2278 saxoniam
608 2213 691 2279 itum
712 2213 850 2279 oecumit
877 2212 1009 2281 iortnito
1029 2209 1191 2280 Gererdus
1212 2213 1433 2297 Noviomagus,
1462 2215 1515 2296 qui
1536 2214 1647 2280 eodem
1668 2220 1851 2298 tempores
1873 2217 2060 2299 quibusdum
2078 2218 2168 2284 Prin·

421 2309 541 2394 cipibus
569 2311 799 2394 Wittebergum
829 2313 1030 2396 mittebatur,
1067 2313 1155 2398 cujus
1182 2313 1241 2378 viri
1271 2313 1496 2381 consuetudine
1520 2313 1567 2379 ita
1596 2313 1747 2380 delectari
1773 2316 1891 2398 coepit,
1917 2322 1957 2382 ut
1978 2335 2102 2384 omnem
2128 2337 2168 2384 cx

422 2411 525 2478 animo
544 2411 711 2494 projiceret
729 2411 875 2493 protinus
894 2416 928 2478 et
948 2411 1146 2494 abstergeret
1164 2412 1393 2479 solicitudinem
1415 2418 1449 2478 et
1471 2430 1647 2478 moerorem
1668 2429 1806 2479 ererum
1820 2414 1948 2497 jactura
1962 2423 2167 2502 mniractum,

422 2510 588 2578 dvnnmodo
615 2509 675 2576 viri
706 2509 791 2576 iliius
812 2509 961 2578 comitatu
988 2509 1052 2577 nni
1073 2510 1191 2578 liceret
1233 2511 1445 2594 Caetcmqnin
1464 2529 1549 2578 anno
1570 2517 1606 2577 ct
1624 2511 1785 2578 mensibus
1807 2511 1929 2595 aliquot
1949 2511 2167 2598 Wittebergae

422 2609 549 2691 mactis,
579 2625 676 2691 quum
701 2608 733 2675 S.
755 2609 880 2690 liuguae
908 2609 1048 2676 studium
1071 2609 1165 2676 isthic
1191 2609 1395 2694 absolvisset,
1423 2629 1445 2677 a
1472 2611 1614 2694 Philippo
1644 2612 1822 2678 Bassorum
1849 2611 1993 2696 Principe
2020 2622 2170 2688 evocatur

422 2707 630 2792 Narpnrgum
648 2721 730 2774 anno
753 2705 953 2790 MDXXVII,
981 2725 1042 2792 quo
1061 2709 1140 2776 haec
1159 2725 1243 2776 nova
1267 2709 1470 2793 operiebatur
1489 2710 1672 2793 Academia,
1701 2710 1755 2777 ubi
1776 2727 1877 2777 uxore
1896 2711 1994 2778 ducta
2013 2714 2062 2779 bis
2083 2731 2168 2782 sum·

422 2823 506 2874 mum
528 2807 752 2889 Nagisuatnm
772 2807 1006 2874 admmistravit
1024 2812 1059 2875 ct
1075 2807 1124 2874 bis
1143 2809 1270 2892 Decani,
1290 2809 1387 2876 semel
1406 2814 1515 2874 eumin
1535 2809 1732 2876 Promotoris
1752 2811 1836 2876 vices
1857 2811 2019 2893 sustinuit
2041 2811 2099 2880 scd
2120 2815 2168 2881 ita

423 2911 539 2988 tamen,
559 2910 597 2972 ut
617 2907 644 2972 si
664 2907 803 2972 animum
823 2923 844 2972 a
864 2907 997 2988 negotiis
1018 2907 1148 2991 publicis
1163 2923 1311 2974 sevocare
1324 2907 1444 2990 liceret,
1464 2907 1598 2974 eundem
1609 2913 1677 2976 mm
1690 2909 1733 2974 ad
1745 2907 1845 2992 iaris,
1867 2926 1961 2991 quarn
1977 2910 2168 2996 Tbeologiae

422 3004 562 3072 studium
581 3003 771 3072 traduceret
820 3005 958 3089 ideoque
985 3019 1056 3072 cnm
1083 3011 1220 3090 quatuor
1248 3023 1347 3073 annos
1374 3023 1503 3089 opacam
1524 3023 1615 3073 suam
1640 3007 1765 3090 publica
1791 3013 1826 3074 et
1843 3009 1993 3090 privatim
2014 3013 2164 3094 auspiciis

424 3103 621 3188 potissimum
640 3105 675 3169 et
693 3103 791 3171 ductu
811 3103 943 3172 loannis
965 3103 1104 3172 Ferrarii
1124 3107 1195 3172 hnic
1214 3105 1261 3174 rei
1287 3104 1507 3188 impendisset,
1534 3105 1567 3170 id
1595 3103 1752 3172 indefesso
1776 3111 1963 3174 consecutos
1983 3113 2034 3176 cst
2053 3110 2169 3193 studio,

353 3231 356 3238 v
423 3206 462 3269 nt
480 3217 551 3268 eum
564 3199 715 3284 Princeps
734 3203 795 3269 sibi
814 3203 1006 3272 adscisceret
1024 3203 1234 3274 consiliarium
1255 3209 1289 3270 et
1308 3205 1394 3282 inter
1404 3203 1574 3271 Dicasterii
1586 3201 1825 3288 linrpurgensls
1837 3207 2023 3274 Ammsores
2036 3207 2168 3292 legeret,

419 3301 500 3385 jucis
521 3300 619 3370 dvilia
646 3301 758 3370 berea
778 3303 825 3368 xl
845 3303 993 3372 Novemb.
1016 3317 1100 3372 anno
1120 3303 1303 3372 NDXXXV
1324 3320 1345 3369 a
1364 3308 1568 3386 praeceptore
1596 3302 1758 3372 donatum.
1799 3304 1917 3372 Verum
1935 3323 2006 3374 cum
2025 3307 2168 3390 sequenti

422 3417 505 3467 anno
520 3401 553 3466 in
570 3400 716 3466 morbum
726 3399 896 3486 incidisset,
914 3420 1005 3485 quern
1017 3405 1298 3487 peripneumonien
1310 3408 1435 3486 vocant,
1451 3404 1656 3486 praevalente
1666 3405 1698 3470 vi
1711 3403 1814 3471 morbi
1824 3404 1859 3472 in
1873 3405 1977 3472 medio
1991 3407 2169 3474 studiorum

422 3505 456 3566 et
469 3503 585 3567 aetatis
597 3497 741 3566 florentis
754 3517 855 3577 cursu,
875 3519 969 3585 quum
981 3503 1121 3568 nondum
1139 3503 1332 3585 trigesimum
1343 3504 1471 3569 tardum
1482 3502 1600 3570 aetatis
1613 3503 1831 3588 complevisset
1845 3519 1974 3588 annum
1987 3504 2169 3574 omasum

421 3595 547 3680 eodem,
573 3616 637 3681 quo
665 3603 761 3664 natus
782 3597 888 3666 inerat
913 3617 1021 3666 mense
1040 3600 1244 3667 anmomtatis
1269 3605 1304 3666 et
1322 3599 1511 3683 prudentiae
1530 3617 1608 3667 snae
1633 3602 1824 3668 desiderium
1844 3603 1970 3684 optimis
1994 3605 2168 3686 quibusque

421 3697 497 3763 viris
525 3696 712 3780 relinquens.
754 3697 940 3764 Parentavit
967 3699 997 3764 ei
1025 3697 1278 3768 inElisabethue
1304 3698 1440 3782 templo,
1466 3699 1522 3766 nbi
1548 3701 1696 3768 conditus
1721 3706 1789 3784 cst,
1821 3699 1970 3768 Nicolaum
1995 3701 2166 3786 necopina.

423 3795 515 3876 Quod
536 3794 577 3860 ad
596 3797 714 3878 scripta
733 3797 867 3879 attinet,
889 3797 922 3862 in
944 3815 1068 3880 corum,
1088 3799 1143 3880 qui
1161 3799 1220 3864 hoe
1245 3796 1422 3864 stndiomm
1443 3815 1561 3880 genere
1586 3799 1740 3867 ddecmri
1760 3805 2006 3883 consueverunt,
2024 3800 2169 3868 manibus

421 3899 590 3962 versantur
610 3893 682 3960 libri
700 3893 776 3978 duo,
804 3895 886 3962 alter
913 3897 953 3963 dc
980 3897 1151 3964 literm
1174 3915 1284 3964 comam
1309 3903 1341 3964 et
1360 3904 1546 3966 accendam
1565 3897 1800 3968 Hebraiccnm
1820 3907 1943 3968 ιιαιιιια
1970 3917 2010 3966 er
2039 3901 2167 3983 optimis

422 3991 583 4078 quibusvis
602 3991 795 4061 &binomm
814 3997 1045 4064 commentariis
1066 3995 1232 4079 collectus,
1259 4001 1293 4062 et
1320 3998 1360 4064 da
1379 3999 1584 4065 amimtium
1604 3998 1775 4067 literarum
1802 4000 1920 4083 ‹afficiie
1939 3999 2038 4082 alter,
2066 3999 2169 4082 deque

422 4094 536 4162 orbem
556 4093 847 4178 consanguinitatis
867 4099 905 4162 ut
926 4099 1039 4162 rorant
1059 4087 1211 4177 scriptur'n
1221 4096 1263 4180 ¹).
1304 4095 1472 4163 Habentur
1483 4097 1727 4181 etiamejusdem
1746 4097 1971 4168 iaProocrbic
1985 4099 2168 4166 mamone

422 4196 656 4262 meamea.

906 4293 948 4348 Et
964 4292 990 4347 ai
1004 4293 1094 4362 plura
1111 4289 1189 4348 Deae
1207 4293 1348 4350 ιιιιιιιιιιι
1365 4301 1491 4365 tavvpcra
1506 4295 1589 4362 cirac,

941 4377 1077 4434 Ιιιιιιιωιι
1094 4379 1146 4434 boc
1160 4377 1251 4448 moder
1266 4393 1345 4436 ιιιιιιο
1357 4379 1478 4448 saum
1496 4384 1564 4437 aaa

907 4461 962 4520 sec
980 4463 1048 4536 quse
1063 4478 1119 4520 eoa
1138 4470 1270 4524 esem
1287 4465 1411 4522 maora
1426 4466 1541 4522 maa
1557 4463 1687 4522 cmc

949 4549 1005 4604 Via
1023 4553 1114 4604 ericae
1132 4549 1222 4608 sabito
1234 4551 1305 4621 foto
1323 4551 1408 4608 isim
1423 4551 1528 4608 cim:

424 4635 527 4718 inquit
548 4633 690 4720 Nigidius
712 4635 745 4704 iu
765 4632 984 4705 Professorum
1003 4631 1149 4702 Elenciro.

787 4909 982 4976 Gerardus
1008 4910 1311 4978 Geldenhaurius
1337 4911 1599 4992 Noviomagus
1628 4909 1799 4977 Geldrus.

545 5070 649 5138 Natus
669 5075 720 5137 est
746 5075 839 5154 patre
866 5073 1004 5156 eiusdem
1024 5073 1156 5140 nominis
1178 5073 1288 5140 itidem
1309 5071 1439 5156 Geldro,
1468 5073 1591 5140 duobus
1621 5070 1768 5140 Geldriae
1791 5071 1985 5157 Principibus
2006 5073 2166 5158 irnolpho

424 5179 458 5240 et
474 5170 619 5256 adolpho
640 5187 661 5236 a
679 5169 829 5252 cubiculo,
848 5177 951 5239 matre
976 5171 1116 5239 iiicbilde
1136 5171 1260 5254 Bojera,
1279 5171 1388 5255 (sumo
1413 5172 1557 5256 ιιιιιιιίιι)
1578 5172 1782 5254 Noviomaga,
1804 5172 1892 5254 cnjm
1912 5190 1992 5240 evus
2014 5179 2167 5257 paternus

528 5409 556 5478 l)
574 5407 620 5464 Sic
637 5405 767 5478 scripum
784 5411 883 5464 nutat

527 5493 557 5564 2)
572 5494 622 5550 Vr.
640 5493 726 5565 deque
745 5523 778 5534 -
796 5492 930 5562 seipsa·
948 5491 979 5548 in
991 5493 1113 5562 margins
1127 5499 1233 5564 postca,
1250 5497 1281 5548 nt
1297 5489 1412 5556 numm.
1431 5493 1468 5549 ab
1483 5493 1570 5562 ipatus
1587 5492 1701 5550 Diiiabil
1719 5505 1801 5550 namu
1819 5491 1913 5550 addita
1930 5497 2000 5552 sunt
