5534 6984
571 805 617 874 46

572 993 724 1058 MDCIIX
747 991 810 1057 Cal.
832 991 904 1055 Jan.
917 990 946 1070 ¹)
969 989 1196 1055 decernebatur
1217 992 1343 1054 creatus
1363 988 1473 1052 eodem
1495 987 1584 1053 simul
1613 992 1753 1069 tempore
1774 986 1959 1051 Academiae
1981 987 2105 1067 Rector,
2127 992 2160 1052 ot
2182 989 2315 1053 triennio

573 1098 645 1172 post
672 1091 858 1156 Consistorii
875 1088 1089 1155 Ecclesiastici
1115 1107 1253 1170 praeses.
1309 1089 1457 1166 Quamvis
1492 1093 1596 1153 autem
1624 1092 1675 1151 tot
1700 1092 1733 1151 et
1765 1087 1863 1151 tantis
1890 1105 1947 1168 pro
1977 1087 2156 1167 interpositi
2185 1089 2314 1169 triplicis

574 1190 666 1255 officii
688 1190 808 1253 rationo
828 1189 1034 1252 distineretur
1053 1187 1224 1268 laboribus
1244 1187 1341 1253 nihilo
1363 1193 1468 1252 tamen
1487 1187 1588 1251 minus
1609 1185 1734 1250 iuterim
1754 1185 1910 1251 cassellas
1932 1185 2065 1250 subinde
2085 1187 2314 1261 accersebatur,

573 1289 655 1370 quod
675 1287 725 1353 vel
746 1286 785 1352 de
803 1287 916 1367 rebus,
933 1305 1025 1368 ,qnae
1047 1287 1239 1368 incidebant,
1266 1286 1494 1352 Ecclesiasticis
1523 1285 1745 1349 difficilioribus
1772 1286 1840 1366 ejus
1865 1286 2041 1366 praesentis
2062 1286 2314 1366 requireretur²l

569 1387 733 1468 judicium,
763 1385 812 1451 vel
840 1387 937 1451 etiam
966 1387 999 1450 in
1019 1386 1281 1468 frequention'bus
1306 1385 1478 1451 illustrium
1503 1386 1642 1449 virorum
1669 1403 1706 1449 ac
1732 1385 1911 1465 Principum
1932 1384 2045 1448 ibidem
2067 1385 2219 1450 institutis
2241 1404 2315 1450 eon·

573 1485 715 1550 rentibus
736 1503 797 1550 non
818 1484 979 1566 deessent,
1009 1486 1061 1568 qui
1087 1504 1144 1566 pro
1166 1487 1312 1552 concione
1336 1485 1462 1566 publica
1481 1483 1540 1548 riri
1569 1483 1662 1566 hujus
1685 1485 1718 1548 in
1740 1484 1870 1549 dicendo
1898 1485 2086 1564 gravitatem
2108 1484 2187 1548 miro
2207 1483 2314 1549 huma-

572 1586 682 1650 nitatis
704 1584 838 1666 quodam
857 1589 889 1648 et
904 1584 1069 1649 suavitatis
1089 1590 1336 1666 temperamento
1353 1584 1508 1649 variatam
1523 1583 1630 1647 audire
1644 1601 1707 1647 non
1721 1589 1905 1663 expeterent
1919 1601 2121 1664 summopere.
2165 1583 2314 1661 Quocirca

572 1703 667 1766 quum
688 1684 716 1749 ei
744 1683 862 1748 inflicta
888 1683 1011 1748 demum
1038 1683 1157 1749 dexteri
1186 1684 1295 1748 lateris
1330 1682 1534 1764 hemiplexias
1556 1688 1640 1746 esset
1665 1682 1777 1763 plaga,
1802 1682 1996 1762 inopinatum
2018 1682 2105 1746 illum
2128 1687 2160 1746 ot
2191 1684 2314 1747 tristem

573 1783 655 1847 tanti
675 1783 734 1847 riri
763 1801 868 1848 casum
894 1800 986 1864 quam
1014 1783 1127 1847 acerbo
1150 1783 1260 1850 tulerit
1280 1783 1446 1863 PrincepS,
1474 1781 1587 1846 testari
1613 1786 1745 1862 possunt
1773 1799 1837 1845 non
1866 1786 1991 1845 tantum
2012 1781 2186 1846 crebriores
2214 1782 2314 1862 ipsum

573 1881 726 1946 invisendi
745 1889 850 1962 actus,
879 1883 936 1947 sed
961 1886 994 1946 et
1014 1887 1214 1963 sumptuosae
1243 1883 1276 1946 iu
1295 1901 1404 1948 euram
1425 1881 1616 1945 valetudinis
1645 1881 1712 1961 ejus
1739 1879 1843 1945 factae
1870 1883 2039 1961 impensae.
2082 1879 2201 1961 Quippe
2224 1882 2315 1963 cnjus

575 1981 766 2047 liberalitate
795 1985 862 2046 tum
890 1981 991 2044 altera
1019 1980 1086 2045 vice
1114 1981 1146 2045 in
1178 1981 1307 2046 thermis
1335 1981 1456 2062 lavit³l
1482 1979 1710 2043 Embdeusibus
1738 1983 1771 2044 et
1798 1981 1831 2044 in
1856 1980 1946 2060 aquis
1974 1997 2085 2044 rursus
2106 1979 2315 2044 Northusanis

574 2099 673 2162 prope
698 2079 869 2160 Cassehas,
892 2085 958 2142 tam
978 2078 1059 2144 felici
1081 2097 1233 2160 successu,
1255 2086 1292 2144 ut
1315 2098 1378 2145 non
1401 2084 1538 2159 tantum,
1558 2097 1620 2159 qno
1640 2077 1777 2158 volebat,
1797 2078 1959 2143 ambulare
1981 2078 2086 2159 libere,
2107 2078 2162 2143 sed
2182 2085 2216 2142 et
2238 2080 2315 2142 satis

575 2179 784 2260 intelligenter
801 2179 870 2244 aliis
892 2179 976 2258 loqui
998 2181 1031 2242 ct
1052 2177 1092 2242 ab
1111 2179 1222 2244 iisdem
1243 2178 1375 2260 intelligi
1395 2182 1513 2260 posset.
1556 2177 1659 2242 Senex
1678 2182 1787 2242 autem
1808 2178 1871 2242 iam
1892 2196 2009 2241 annum
2154 2178 2316 2258 ingressus

577 2277 724 2343 tassellis
745 2277 872 2342 tandem
895 2295 980 2340 anno
1001 2275 1152 2340 MDCXX
1230 2282 1362 2341 naturae
1384 2278 1463 2342 satis
1480 2273 1607 2358 tecit⁴).
1649 2277 1687 2339 In
1707 2275 1799 2358 hujus
1821 2276 1878 2341 riri
1899 2276 2033 2356 effigiem
2054 2276 2186 2357 Eglinus

1060 2375 1148 2444 Copia
1168 2376 1297 2445 Greporio'
1314 2375 1484 2444 Schonseldl
1500 2371 1637 2444 staretis
1649 2373 1737 2443 fandi

1095 2462 1178 2530 (praere
1196 2478 1252 2516 aare
1269 2460 1407 2515 detirneit?
1423 2462 1539 2530 pulpita
1556 2462 1613 2514 aiae
1630 2461 1748 2526 scholae,

1059 2546 1112 2601 Sere
1131 2549 1223 2616 tenrple'
1240 2549 1362 2602 Antistee
1381 2546 1589 2601 conscenderet?
1611 2547 1702 2601 ardico
1716 2564 1821 2616 prossus

1093 2633 1151 2686 Pro
1172 2633 1289 2698 (terreto,
1312 2633 1364 2686 tali
1381 2634 1484 2688 clarecit
1501 2633 1599 2703 effipia

1243 2942 1431 3024 Caspasus
1457 2941 1646 3008 Sturmins
1738 3016 1740 3020 v

1324 3070 1529 3127 Fridslariensis
1541 3075 1572 3141 ⁵).

699 3245 908 3328 Philosophus
924 3246 1053 3328 pariter,
1069 3244 1246 3326 Theologus
1261 3250 1294 3310 et
1307 3245 1407 3310 Poeta
1422 3246 1472 3310 sui
1485 3246 1581 3311 seculi
1593 3247 1731 3327 eximius,
1753 3265 1835 3311 anno
1850 3246 1969 3312 hiDCll
1985 3245 2162 3311 discedente
2177 3247 2318 3314 Giossam

575 3345 735 3411 blenteero
758 3363 775 3409 e
798 3343 1064 3427 Gutenspergensi
1084 3345 1241 3426 Ecclesia,
1270 3344 1359 3426 eujus
1380 3352 1540 3426 pastorem
1562 3346 1691 3427 agebat,
1716 3346 1782 3428 jam
1812 3346 1878 3410 lere
1902 3365 1996 3410 senen
2017 3351 2163 3411 evocatus
2185 3347 2225 3410 ad
2245 3367 2317 3428 pro-

576 3445 741 3512 tassionem
752 3447 783 3522 ⁶)
803 3449 837 3508 et
856 3442 1050 3524 Ephoratum
1069 3444 1243 3509 orationem
1263 3443 1374 3508 habuit
1394 3443 1457 3509 XII
1476 3445 1614 3525 Augusti
1636 3451 1670 3510 et
1689 3463 1772 3509 anno
1794 3445 1945 3510 MDGl'll
1966 3445 2075 3509 Martii
2095 3445 2213 3510 decimo
2235 3464 2317 3512 nono

575 3543 694 3609 Ductor
717 3542 902 3623 Theologiae
929 3547 1053 3608 ereatus
1075 3549 1140 3624 est,
1170 3561 1233 3624 quo
1261 3543 1355 3608 etiam
1381 3561 1464 3607 anno
1488 3562 1559 3608 eum
1586 3545 1655 3609 aliis
1683 3545 1715 3609 Π
1736 3544 1881 3608 ianuarii
1902 3543 2087 3608 Consistorii
2107 3544 2318 3611 Ecclesiastiei

575 3643 723 3708 hssesser
744 3641 902 3707 salutatur
922 3648 955 3706 et
976 3643 1178 3710 constituitur
1199 3646 1294 3724 atque
1307 3643 1510 3707 Rectoratum
1523 3643 1726 3708 administrat
1740 3662 1821 3708 anno
1842 3643 1983 3708 DCXVI.
2026 3644 2075 3708 De
2097 3644 2164 3709 rita
2181 3644 2316 3709 decessit

575 3931 601 3980 et
619 3925 806 3980 Baetasiorum
824 3924 946 3980 Hessioe
965 3923 1115 3993 Inferioris
1133 3923 1376 3994 Supermtendems,
1400 3925 1564 3981 Academiae
1579 3943 1632 3996 per
1655 3928 1789 3998 inteperent
1808 3945 1909 3982 orrrrnm
1929 3929 2093 3999 etamplius
2112 3945 2223 4000 operam
2239 3948 2314 3984 aream

575 4009 695 4065 docendo
720 4017 748 4065 et
764 4009 934 4080 disputando
953 4011 1076 4080 fideliter
1094 4011 1283 4080 praestiterat.
1327 4008 1393 4063 Cam
1416 4013 1510 4080 itaque
1527 4013 1669 4082 primorie
1691 4015 1833 4082 professio
1855 4015 2006 4084 theolopieo
2023 4022 2146 4080 roeoret,
2170 4032 2203 4070 ae
2221 4024 2316 4072 reostro

575 4096 704 4164 Principi
719 4097 808 4151 cisum
819 4096 936 4165 fuisset,
958 4097 1036 4151 ellam
1057 4097 1261 4166 professionem
1277 4095 1313 4149 D.
1333 4096 1370 4150 D.
1390 4095 1566 4165 &lrdnfeldr‘o
1589 4099 1784 4164 continentiori,
1809 4099 1868 4166 ejus
1887 4099 2024 4155 Celsitndo
2046 4100 2199 4167 mandarit,
2224 4109 2255 4156 nt
2279 4102 2317 4155 ad

575 4181 686 4236 eundem
698 4183 901 4250 professionem
917 4189 1070 4237 necaretur.
1105 4182 1141 4237 Id
1159 4181 1234 4251 quod
1246 4182 1356 4249 foetens
1372 4189 1412 4236 est
1431 4190 1566 4237 extremo
1585 4200 1691 4238 rnerrse
1707 4185 1882 4239 Decembri.
1922 4187 2060 4241 Reeersres
2076 4188 2171 4256 iiaqrre
2190 4187 2317 4242 Caerellia

574 4269 611 4322 D.
628 4268 665 4320 D.
690 4267 838 4334 Sehdnseld
868 4275 931 4322 onte
956 4267 1066 4323 Colend.
1090 4269 1225 4323 Jonrrom'i
1249 4269 1416 4336 inreptionem
1444 4271 1512 4323 enni
1538 4270 1629 4324 eodan
1657 4270 1702 4323 elie
1727 4270 1916 4335 juramentum
1942 4272 2138 4340 Professoram
2166 4273 2196 4327 r'n
2220 4281 2316 4329 serrata

571 4354 728 4420 praestitit,
753 4358 780 4405 et
801 4354 831 4407 in
849 4353 992 4408 Rectorem
1008 4353 1200 4409 Academicum
1218 4353 1316 4408 enetos
1335 4360 1381 4408 est.
1417 4353 1517 4409 Mirum
1534 4362 1588 4423 est,
1606 4355 1754 4409 Diliehium
1773 4372 1807 4410 ne
1825 4357 1945 4412 indicare
1966 4357 2082 4427 uiridem,
2102 4359 2197 4426 qrrales
2215 4359 2316 4415 Schen-

573 4437 652 4491 r'eldii
669 4444 761 4505 partes
780 4438 881 4493 luerint
896 4439 925 4492 in
944 4438 1134 4494 funestissimis
1152 4439 1209 4493 illis
1227 4438 1314 4492 turbis
1332 4438 1584 4510 Morburgensibns‚
1610 4439 1643 4496 de
1665 4441 1762 4510 quihus
1787 4448 1815 4496 et
1832 4442 1919 4510 ipsius
1944 4443 2037 4498 literas
2059 4444 2132 4512 apnd
2150 4444 2316 4500 Striederum

574 4527 712 4578 exstantes
732 4529 760 4577 et
777 4523 878 4593 Heppii
897 4524 1009 4579 librum:
1029 4523 1073 4579 dia
1086 4525 1258 4592 Einiuhrung
1275 4521 1325 4578 der
1342 4524 1662 4595 Verbesserungspuncte
1679 4527 1708 4580 in
1725 4527 1839 4582 Hessen.
1867 4528 1975 4583 Kassel.
1998 4532 2073 4584 1849.
2092 4546 2317 4587 commemorasse

572 4607 698 4663 sufficiat.

678 4695 705 4762 1)
726 4694 820 4748 Tilem.
839 4695 891 4749 hoe
911 4700 1018 4762 tempus
1033 4699 1120 4749 mutat
1137 4695 1164 4749 in
1183 4711 1207 4750 a.
1225 4694 1358 4749 MDCVII
1377 4695 1433 4749 Cal.
1451 4696 1518 4751 Dec.
1536 4697 1642 4767 injuria,
1662 4703 1692 4752 ut
1709 4697 1829 4750 Annales
1850 4697 1935 4752 eleari.
1955 4698 2060 4753 docent.

676 4782 706 4845 2)
724 4778 788 4835 cod.
806 4781 994 4848 requireretur.

679 4867 708 4932 3)
726 4864 791 4919 uod.
811 4867 889 4920 louis.

675 4949 705 5017 4)
724 4951 802 5005 iluae
813 4950 903 5006 locum
921 4950 1016 5005 Tilem.
1035 4957 1139 5006 temere
1153 4959 1285 5008 mutatum
1303 4953 1342 5007 ita
1360 4951 1457 5007 edidit:
1476 4953 1586 5006 Arearum
1604 4956 1695 5004 autem
1711 4952 1793 5006 LIX.
1812 4954 1951 5023 inpressas
1972 4955 2100 5011 Caesellio
2117 4957 2226 5012 tolidem
2243 4974 2315 5011 aneio

575 5033 760 5090 MDOXHX
776 5043 894 5091 not-orae
911 5036 1071 5105 satisfecit.
1112 5037 1203 5106 ipsios
1224 5044 1430 5104 ceterorumque
1455 5037 1499 5106 qui
1524 5037 1558 5090 de
1577 5036 1762 5090 Schoenleldii
1785 5038 1841 5092 rita
1863 5040 2030 5108 seripserunt
2053 5058 2161 5097 errores
2187 5042 2221 5096 de
2239 5042 2316 5096 fatali

574 5120 633 5174 eius
645 5135 714 5175 anno
725 5121 922 5198 deelaravimus
936 5123 964 5177 in
975 5122 1123 5194 prooemio,
1140 5124 1185 5178 ubi
1198 5124 1347 5179 Diliehium
1359 5124 1486 5190 elipeum
1500 5124 1576 5192 prius
1594 5121 1728 5176 iudicasse
1745 5128 1857 5176 moriem
1870 5139 1951 5191 quam
1969 5125 2119 5191 incidisset,
2138 5128 2316 5189 coniecimus;

572 5220 633 5260 nam
652 5212 772 5262 mortuus
789 5213 830 5262 est
847 5223 872 5262 a.
890 5207 1099 5262 Mnuxxvnl.

676 5291 706 5358 5)
726 5293 816 5360 Imago
834 5292 946 5348 Sturmii
963 5294 1074 5348 titulum
1093 5293 1218 5348 continuo
1237 5291 1368 5359 sequitur.

674 5377 704 5444 6)
722 5375 817 5431 Tilem.
836 5377 911 5432 addit
931 5380 1103 5448 theolopioe,
1121 5378 1193 5449 quod
1211 5393 1265 5434 non
1283 5381 1373 5432 exstat
1390 5376 1420 5431 iu
1438 5376 1498 5432 cod.
1534 5377 1598 5433 Alie
1614 5394 1722 5448 quoque
1742 5379 1849 5451 adiecit,
1868 5379 1932 5435 licet
1947 5380 2093 5435 Diliehium
2113 5381 2184 5436 dieat
2203 5384 2314 5437 Stnrmii

570 5460 653 5517 ritem
670 5463 710 5518 sie
731 5462 861 5518 exhihere
878 5471 908 5519 nt
925 5464 984 5534 ipse
1004 5463 1098 5520 edidit.
