5534 6984
599 761 646 829 30

598 949 823 1030 dispositiones
845 945 1056 1010 111111εεί1111-
1083 949 1149 1010 tuni
1177 944 1215 1009 de
1235 944 1359 1010 ratione
1382 941 1599 1019 caercionandi,
1627 960 1684 1006 seu
1705 939 1815 1007 Stadii
1838 939 2019 1023 Theolopiei
2033 943 2060 1023 ¹)
2081 941 2178 1006 liber:
2207 943 2246 1005 cle
2265 944 2341 1024 for-

597 1047 726 1112 mandis
751 1044 951 1112 concionibus
972 1043 1085 1110 Sacris
1107 1043 1160 1109 lib.
1182 1043 1238 1108 ΙΙ.·
1261 1043 1300 1108 de
1314 1046 1398 1107 recte
1409 1040 1589 1124 formando
1607 1039 1835 1122 Iheolopiae¹)
1856 1039 1983 1105 studio:
2004 1040 2044 1105 de
2057 1039 2129 1106 Sao.
2151 1039 2342 1123 Scripturae

599 1147 729 1213 lectione
751 1152 780 1210 et
800 1143 1004 1210 meditatione
1025 1143 1217 1227 queatidiana
1239 1141 1291 1206 lib.
1315 1140 1371 1205 ΙΙ.·
1400 1157 1437 1206 11
1459 1139 1606 1205 Methodi
1629 1138 1816 1222 I'heolopiae
1837 1139 1982 1204 totidem:
2010 1139 2129 1220 Topica
2153 1140 2343 1222 Iluolopica

598 1252 627 1312 et
656 1243 844 1311 Catechesis.
894 1243 1014 1308 Extant
1039 1260 1164 1325 quoque
1188 1259 1252 1306 uno
1278 1239 1436 1305 volumine
1463 1237 1550 1304 editu
1585 1236 1735 1320 opuscula
1766 1239 1805 1303 de
1834 1237 1905 1303 Sao.
1935 1237 2105 1303 literarum
2131 1241 2251 1305 stadiis
2278 1260 2342 1306 non

597 1343 805 1428 differendis:
828 1343 866 1410 de
887 1342 1088 1409 institutione
1108 1360 1261 1408 nouorum
1281 1339 1491 1422 callepiornm,
1514 1339 1550 1404 in
1568 1337 1684 1419 quibus
1699 1338 1854 1419 jacentus
1875 1338 2024 1404 eraditur
2045 1337 2090 1403 ad
2103 1339 2342 1421 suscipiendam

596 1442 760 1508 Ecclesiae
777 1442 1055 1525 pubernatimem:
1081 1441 1120 1506 de
1142 1439 1273 1522 publico
1299 1438 1481 1506 studiorum
1500 1438 1537 1502 in
1563 1437 1672 1502 schola
1693 1435 1883 1520 I'loeolopiaa
1911 1438 2070 1503 examine:
2100 1438 2139 1503 de
2161 1436 2340 1505 Oateehesi:

597 1542 635 1606 da
647 1541 717 1623 fide
738 1541 876 1606 horninis
894 1539 1101 1622 justificandi
1124 1559 1163 1604 ac
1184 1539 1223 1604 de
1243 1538 1313 1621 fide
1343 1544 1374 1604 et
1399 1535 1548 1619 operibus
1576 1535 1714 1600 hunireis
1733 1535 1905 1617 justificati
1930 1537 2148 1618 quaestiones:
2178 1535 2343 1602 Christum

596 1661 659 1706 non
679 1638 954 1705 instrumentalem
975 1639 1067 1704 modo
1085 1657 1153 1705 asse
1173 1637 1291 1704 salutis
1312 1641 1442 1704 nostrae
1462 1654 1619 1714 caussam,
1640 1654 1750 1699 oerum
1771 1637 1869 1700 etiam
1890 1635 2076 1718 efficientem
2097 1643 2127 1702 et
2144 1636 2340 1718 principem:

597 1759 660 1805 non
688 1759 757 1805 esse
788 1739 889 1804 uliam
910 1737 1158 1819 justificationis
1183 1739 1283 1815 uiam,
1314 1755 1500 1817 quamquo
1520 1732 1688 1798 Abraham
1710 1733 1913 1815 justificatus
1935 1741 1997 1814 est,
2020 1757 2084 1817 per
2100 1736 2200 1818 fldem
2221 1736 2342 1801 scilieet

598 1838 718 1920 absque
739 1837 904 1918 operibus:
926 1837 965 1903 de
986 1838 1107 1918 spiritu
1129 1842 1159 1902 ct
1181 1835 1295 1901 litera:
1319 1833 1511 1900 Conciliatio
1533 1833 1646 1898 horum
1663 1832 1811 1912 locorum,
1833 1833 1890 1914 qul
1913 1833 2010 1916 lepem
2022 1835 2130 1916 sactis
2150 1836 2340 1916 exprimunt,

591 1939 679 2020 justi
699 1937 856 2002 habentur
875 1936 920 2000 od
940 1935 1031 2001 Rom.
1053 1935 1108 1999 II:
1138 1941 1168 2000 et
1189 1955 1229 2000 ca
1251 1933 1401 2015 operibns
1426 1932 1506 2015 lepis
1526 1952 1615 1998 nuno
1634 1931 1838 2014 justificatur
1857 1933 1902 1997 ad
1920 1933 2012 1999 Rorn.
2035 1934 2108 1998 III:
2137 1941 2168 2000 et
2187 1936 2342 2001 similium

599 2038 655 2119 ani
670 2035 752 2118 pari
772 2035 864 2100 modo
885 2034 1034 2100 uidentur
1055 2034 1139 2099 inter
1160 2054 1195 2099 se
1216 2033 1419 2114 discrepare:
1449 2032 1488 2097 de
1508 2030 1647 2096 hominis
1665 2034 1778 2096 merito
1800 2032 1890 2114 apud
1909 2031 2033 2099 Deum:
2054 2033 2238 2099 Historiam
2260 2055 2341 2116 quac

598 2136 642 2200 II
658 2133 767 2200 Mach.
790 2134 908 2217 lepitur
935 2133 974 2198 de
997 2133 1145 2198 donariis
1166 2131 1425 2214 Hierosolymam
1452 2131 1563 2195 missis
1592 2131 1636 2196 ad
1658 2130 1853 2212 sacrificium
1867 2150 1932 2212 pro
1953 2133 2126 2214 expiandis
2146 2140 2342 2200 mortuorum

593 2236 752 2318 peccatis,
775 2252 897 2315 parum
925 2251 994 2297 esse
1022 2230 1182 2314 efficacem
1212 2231 1257 2294 ad
1286 2228 1555 2311 comprobandum
1579 2231 1716 2295 mortuis
1745 2229 1790 2295 ad
1820 2231 1956 2296 salutem
1980 2233 2135 2313 prodesse
2156 2232 2340 2299 Missurum

599 2333 854 2401 celebrationem:
892 2330 996 2396 Verba
1017 2329 1163 2395 PauliI
1187 2327 1258 2395 Cor.
1280 2327 1353 2394 XV
1369 2329 1408 2395 de
1428 2329 1496 2408 lu's,
1524 2329 1580 2411 qni
1608 2328 1817 2410 baptisanlur
1842 2349 1905 2412 pro
1933 2332 2084 2410 mortuis,
2111 2332 2215 2412 pardo
2236 2333 2341 2413 aliter,

599 2454 695 2516 quam
716 2454 737 2499 a
761 2430 927 2498 nonnullis
948 2429 1109 2508 hactenns,
1132 2428 1285 2494 distincta
1304 2433 1335 2493 et
1353 2429 1517 2510 exposita:
1538 2428 1578 2493 de
1598 2427 1739 2512 Quodis
1757 2429 1893 2495 annuis:
1922 2430 1961 2494 de
1974 2429 2110 2510 publiea
2129 2432 2163 2496 iu
2177 2452 2342 2514 pauperes

598 2531 816 2613 berwficentia:
838 2530 877 2594 de
887 2528 997 2594 Feriis
1011 2526 1314 2607 Bacchanaliorum,
1337 2527 1482 2609 qnodque
1502 2528 1593 2609 apud
1615 2526 1818 2594 Christianos
1839 2529 1941 2594 locum
1961 2528 2085 2594 hahere·
2097 2530 2186 2596 nullo
2209 2532 2343 2598 debeant

597 2632 698 2699 inodo.
741 2630 847 2711 Atque
865 2627 943 2693 11111
964 2626 1068 2691 omniu
1088 2629 1162 2691 sunt
1175 2625 1327 2707 impressa
1350 2626 1452 2691 simul.
1494 2625 1574 2692 Pars
1589 2632 1694 2692 autem
1714 2626 1931 2708 opusculorum
1946 2625 2191 2708 theologicorum
2207 2627 2343 2694 secunda

598 2730 656 2796 hos
683 2729 825 2794 continet
851 2726 949 2792 libros
979 2725 1018 2792 de
1037 2726 1170 2807 piorum
1191 2724 1337 2790 videlicet
1365 2726 1550 2791 auditorum
1578 2727 1614 2790 in
1634 2726 1858 2808 dijudicandis
1881 2726 2038 2791 doctrinis
2058 2727 2179 2808 ostiolo:
2208 2728 2247 2793 le
2263 2747 2342 2810 pro-

599 2829 743 2895 uidentia
762 2826 844 2892 Dei:
866 2824 906 2890 de
921 2824 1113 2907 probatione
1131 2825 1184 2889 sui
1204 2825 1326 2904 ipsius:
1350 2822 1552 2890 Consultatio
1573 2825 1612 2889 de
1634 2826 1782 2907 conjupio
1796 2826 2019 2890 ministrorum
2034 2824 2212 2892 Ecclesiae:
2234 2834 2342 2892 utrum
2403 2896 2405 2899 ,

599 2927 751 3010 Babylon
778 2927 814 2991 in
840 2924 1040 3007 Apocalypsi
1068 2923 1224 3006 sipnlfioet
1253 2922 1407 2989 Romam:
1444 2923 1496 2989 De
1523 2923 1575 2989 his
1604 2926 1660 3007 qui
1688 2922 1813 2989 Filium
1840 2925 2035 2990 caestituant
2059 2925 2246 3008 inferiorern
2270 2925 2342 2992 Deo

601 3033 696 3109 atque
714 3025 812 3091 Patri
831 3023 1047 3105 inaequalem:
1070 3028 1247 3104 praecepta
1266 3021 1425 3105 Deculopi
1451 3022 1548 3088 aliter
1575 3022 1651 3088 olim
1679 3023 1784 3106 diperi
1810 3022 1909 3088 solita
1935 3028 2031 3106 atque
2051 3044 2151 3090 nunc:
2179 3026 2224 3089 ael
2244 3025 2341 3092 uerba

599 3125 750 3208 Apostoli
768 3124 814 3188 II
835 3122 956 3190 Carini.
979 3122 1040 3187 Ill
1064 3122 1217 3204 Epistola
1243 3143 1313 3187 mea
1341 3141 1397 3187 oos
1425 3122 1503 3187 estis
1531 3127 1560 3188 et
1585 3122 1679 3188 Deus
1707 3122 1837 3188 idonms
1868 3142 1927 3188 nos
1945 3122 2035 3205 facit
2066 3125 2232 3190 ruinistros
2259 3125 2342 3190 Nooi

600 3225 809 3293 Testanuntl:
838 3223 877 3288 de
897 3222 983 3288 veris
1003 3221 1222 3304 Apostolutns,
1252 3221 1450 3288 Dooloratns
1471 3228 1501 3287 ct
1521 3221 1678 3288 similium
1695 3222 1857 3304 pradnum
1884 3221 2036 3304 insipniis
2052 3225 2225 3304 proposita
2248 3247 2342 3306 preae-

599 3326 691 3390 ‹lunu
719 3322 772 3388 De
794 3321 1011 3388 Sacramentis
1042 3322 1078 3386 in
1104 3341 1234 3404 penore:
1264 3319 1368 3402 Super
1398 3320 1495 3386 uerba
1522 3320 1672 3403 Apostoli
1699 3322 1745 3385 od
1766 3320 1976 3387 RomanosI.
2002 3321 2143 3387 homines
2166 3345 2187 3387 a
2214 3323 2285 3388 Deo
2308 3326 2343 3388 in

600 3423 767 3506 reprobam
789 3427 920 3488 orientem
948 3418 1087 3502 tradi³).
1138 3417 1271 3502 Scripsit
1298 3419 1395 3484 etium
1424 3420 1463 3485 de
1489 3422 1616 3486 ratione
1639 3421 1758 3497 studii,
1786 3419 1913 3501 scripsit
1931 3419 2131 3501 Dialectioa,
2159 3423 2342 3503 Rhetorica,

600 3522 827 3601 Aritluoetica,
856 3519 971 3602 Optica
1002 3525 1033 3585 et
1052 3517 1277 3586 Astronanrica
1306 3518 1481 3600 quaedam,
1509 3519 1637 3602 scripsit
1656 3520 1816 3603 Physica,-
1847 3519 1976 3586 Scholia
2003 3522 2048 3585 ad
2070 3522 2175 3588 decem
2201 3521 2343 3602 librost)

599 3621 803 3688 Aristotelis:
831 3618 960 3702 scripsit
993 3616 1235 3686 Observationes
1263 3618 1403 3685 locorum
1430 3619 1466 3683 in
1493 3638 1549 3684 eas
1577 3617 1828 3702 annpeliorum
1850 3620 2053 3702 particulas,
2094 3642 2176 3702 qnae
2204 3621 2343 3704 suspulis

599 3720 781 3786 Dominicis
799 3719 834 3784 in
854 3717 1011 3784 Ecclesiis
1038 3719 1172 3784 recitari
1191 3723 1435 3782 consueuerant:
1464 3717 1504 3782 de
1524 3716 1748 3784 Studiosorum
1768 3720 1838 3784 uita
1859 3725 1888 3784 et
1904 3719 2062 3784 nomnibus:
2092 3719 2289 3802 Eaepunota
2308 3721 2343 3784 in

601 3839 706 3886 omnes
734 3818 779 3884 D.
811 3816 914 3882 Pauli
945 3815 1129 3897 Epistolos:
1165 3815 1339 3880 Feriarum
1373 3815 1645 3882 Scholastiearum
1685 3817 1737 3882 lib.
1769 3815 1858 3884 XII:
1900 3817 1939 3882 de
1975 3819 2160 3884 ordinanda
2194 3819 2342 3884 Ecclesia

602 3919 656 3985 lib.
685 3917 740 3998 VI,
762 3932 844 3999 quae
865 3919 971 3980 tumen
993 3913 1096 3980 omniu
1117 3912 1263 3980 absoluta
1283 3930 1347 3980 non
1362 3918 1446 3979 sunt.
1489 3913 1657 3996 sicigitur
1676 3915 1832 3983 hominem
1853 3917 2003 3999 majorem
2024 3917 2167 3999 publicae
2187 3918 2343 3996 uniltatis

601 4014 860 4101 quamproprias
880 4012 1068 4079 valetudinis
1086 4030 1194 4079 curam
1214 4018 1374 4095 gerentem
1396 4013 1618 4096 intempestiva
1637 4033 1722 4080 mors
1742 4015 1872 4082 sustulit
1885 4016 2049 4098 Marpurgi
2072 4034 2155 4082 annu
2177 4015 2343 4082 MDLXIV

603 4117 669 4182 Cal.
690 4113 884 4193 Februariis
911 4129 982 4177 cum
1001 4111 1086 4177 vitm
1105 4111 1246 4193 equidem
1265 4128 1380 4177 aunum
1401 4112 1491 4192 LIII,
1519 4112 1688 4180 iunctIonIs
1706 4121 1812 4180 autum
1832 4116 1923 4181 XXII
1942 4123 2052 4197 ageret
2072 4121 2105 4182 11
2125 4117 2246 4180 interea
2267 4121 2343 4180 tenr-

601 4217 686 4299 poris
714 4219 783 4279 tum
812 4211 956 4277 Rectus
983 4210 1081 4292 ipsius
1112 4210 1315 4292 dignitatem,
1349 4215 1417 4275 tum
1442 4229 1516 4278 reru
1542 4213 1734 4280 Protectoris
1764 4219 1797 4280 11
1824 4214 1909 4280 inter
1936 4215 2141 4296 'theologicae
2171 4215 2343 4281 Facultatis

601 4330 749 4397 proceres
767 4309 952 4380 Decuriouis
980 4310 1062 4376 vices
1088 4309 1300 4375 sustiuu'sset.
1352 4307 1431 4375 Post
1458 4310 1525 4391 eJus
1554 4312 1673 4378 obitum
1694 4312 1883 4380 Laurentius
1909 4313 2065 4396 Hyperius
2091 4313 2174 4380 filius
2201 4314 2342 4396 praefixa

603 4411 798 4495 praefatione
817 4408 919 4491 putris
939 4407 1040 4475 edidit
1062 4426 1174 4491 opera,
1206 4409 1253 4474 uti
1274 4413 1347 4474 suut
1373 4410 1409 4474 in
1428 4410 1552 4478 &aiae
1572 4413 1752 4494 Prophetae
1772 4413 1905 4479 oracula
1933 4416 2156 4480 annotationes
2175 4413 2286 4478 bruvcs
2309 4422 2343 4479 11

603 4511 760 4578 eruditae:
789 4507 1016 4590 Compendium
1037 4508 1191 4592 Physiecs
1216 4508 1430 4575 Aristoteleae
1449 4514 1482 4575 et
1508 4511 1573 4576 1111
1583 4511 1633 4595 ³):
1663 4515 1889 4580 commentaria
1916 4514 1952 4579 in
1979 4513 2086 4596 Epist.
2115 4514 2160 4578 ad
2183 4513 2292 4580 Colat.
2315 4522 2345 4579 et

602 4611 768 4693 Ephesios.
809 4608 866 4676 Aa
879 4607 1103 4692 Philippenses
1120 4611 1236 4686 cutem,
1257 4605 1466 4688 Colossenses,
1489 4607 1790 4692 Ihessalonieenscs,
1813 4613 1925 4678 ambae
1938 4613 1968 4694 ο)
1990 4633 2060 4679 curn
2081 4614 2186 4679 indice
2203 4616 2342 4697 pentina:

707 4823 735 4887 1)
753 4819 848 4876 Tileur.
868 4817 939 4874 falsu
954 4819 1065 4876 exhibet
1078 4819 1185 4874 Studiis
1204 4819 1382 4889 Theolopicis.
1417 4821 1529 4876 Librum
1547 4821 1581 4876 de
1594 4823 1704 4878 ratione
1720 4822 1808 4877 studii
1826 4824 1971 4894 theolopiol
1991 4842 2043 4879 non
2063 4824 2171 4880 differre
2192 4827 2227 4880 ab
2246 4840 2279 4880 so
2295 4827 2341 4894 qui

602 4905 757 4962 inscribitur
777 4903 898 4959 derecte
913 4903 1066 4973 sumunda
1086 4905 1238 4974 meompiae
1254 4904 1356 4970 smnio,
1380 4905 1535 4963 Striederus
1559 4914 1658 4964 mouet.
1678 4908 1800 4964 Titulum
1821 4909 1855 4962 cle
1878 4911 1987 4965 ratione
2010 4912 2191 4967 correiouandl
2214 4928 2273 4966 cum
2293 4913 2341 4964 itta

602 4993 774 5046 coniunctum
793 4990 928 5046 Dilichius
946 4989 1017 5048 1111111
1036 4991 1174 5056 sumserit,
1192 4990 1355 5059 ignoramus.

704 5079 732 5140 2)
752 5076 845 5144 Imago
863 5075 985 5145 Hyperii.

704 5162 734 5228 3)
754 5160 829 5216 tradi
846 5176 915 5216 corr.
934 5177 968 5217 ex
987 5162 1168 5216 1111111111
1187 5161 1214 5215 tn
1235 5163 1293 5216 cod.

705 5249 734 5314 1)
754 5247 806 5300 Dil.
828 5247 918 5304 omisit
937 5248 1107 5302 Ethicorum.

705 5335 732 5397 5)
751 5331 939 5388 DistInctionIs
957 5333 1061 5401 signum
1080 5347 1097 5387 1
1117 5331 1170 5386 1111.
1191 5333 1319 5390 omissum
1340 5333 1500 5400 addidimus,
1518 5333 1587 5390 111111
1605 5335 1759 5391 Boissurdo.

704 5418 733 5470 st
752 5415 796 5470 Sic
813 5415 866 5471 Dii.
885 5414 1054 5486 negligenter
1072 5417 1191 5488 scripsit:
1213 5418 1300 5476 Boiss
1320 5427 1395 5473 rorte
1420 5421 1670 5476 thessalonicenses
1688 5423 1788 5476 ambas.
