5534 6984
1078 1051 1268 1134 Georgius
1297 1051 1456 1120 Solmius
1472 1054 1500 1134 ¹)

1170 1179 1405 1238 Rossbacbiensis.

540 1327 578 1396 In
605 1345 666 1412 quo
693 1327 848 1396 modestia
875 1332 909 1396 et
935 1346 1054 1396 morum
1083 1331 1223 1398 suavitas
1251 1331 1419 1414 singularis
1448 1349 1519 1398 cum
1546 1330 1675 1413 pietatis
1701 1336 1736 1399 et
1762 1330 1997 1414 disciplinarum
2022 1333 2161 1400 omnium

418 1435 529 1493 exacte
548 1428 724 1510 cognitione
744 1427 886 1508 certarit,
906 1445 985 1508 quas
1005 1429 1124 1511 ipsein
1144 1429 1204 1496 bec
1218 1429 1389 1496 Academia
1408 1436 1443 1497 et
1454 1435 1566 1513 postea
1576 1429 1805 1512 Heidelbergae
1817 1431 1940 1514 publice
1949 1433 2161 1515 priuatimque

418 1524 579 1608 protessus
606 1532 640 1592 et
667 1543 779 1608 magno
808 1525 969 1592 studiosae
993 1527 1168 1610 juventutis
1195 1529 1413 1596 emolumento.
1461 1530 1543 1596 Huic
1568 1548 1675 1596 rerum
1695 1529 1871 1596 diuinarum
1890 1529 2003 1596 studiis
2022 1530 2161 1614 impense

419 1624 526 1692 dedito
553 1644 621 1692 cum
654 1627 728 1690 aute
765 1623 1002 1706 quadriennium
1034 1645 1117 1694 anno
1144 1627 1288 1694 videlieet
1313 1627 1510 1696 MDLXXIV
1543 1646 1650 1696 mense
1677 1629 1808 1696 Octobri
1835 1629 1876 1696 ab
1910 1625 2072 1696 Illustriss.
2098 1629 2160 1696 PP.

419 1722 586 1790 Wilhclmo
608 1726 642 1790 et
662 1723 819 1790 Ludevico
840 1723 1028 1806 Theologiae
1049 1726 1183 1809 primum
1199 1745 1237 1793 ac
1257 1727 1331 1794 dein
1349 1727 1561 1810 subsequente
1580 1727 1722 1810 proximo
1745 1745 1828 1794 anno
1848 1727 2015 1795 Hebracee
2033 1728 2162 1812 linguae

419 1821 569 1906 professio
591 1822 624 1888 in
644 1821 825 1888 vuitcuono
845 1824 986 1904 generali
1007 1823 1197 1890 demandata
1217 1825 1345 1908 luisset,
1373 1843 1509 1909 querum
1534 1825 1621 1892 iilam
1645 1825 1760 1893 nobilis
1788 1826 1838 1892 sir
1859 1826 1890 1894 J.
1918 1844 1939 1892 a
1964 1826 2162 1896 Waldmane·

420 1920 555 2004 hausen,
582 1921 663 1987 banc
684 1921 799 1987 duetus
819 1921 967 2005 Vultejus
988 1923 1265 2006 Paedagogiarcba
1284 1925 1481 1992 sustinuerat
1490 1926 1521 2008 ²)
1541 1929 1651 2008 autea,
1671 1925 1863 1992 Doctoretus
1883 1925 2021 2008 insignio
2041 1927 2077 1992 in
2100 1926 2161 1995 bac

421 2019 588 2086 dcedeuria
617 2018 791 2086 ollemntur
813 2038 896 2086 anuo
916 2021 1094 2088 DLXXIIX
1115 2022 1187 2090 Jan.
1208 2023 1262 2088 1v.
1312 2022 1479 2090 Caeterum
1505 2025 1643 2107 acceptis
1670 2042 1754 2091 anno
1778 2023 1943 2092 DXXCIII
1968 2042 1989 2090 a
2010 2025 2162 2092 Serenisa.

420 2119 497 2186 duce
525 2117 646 2185 loanne
669 2117 821 2185 Gasimiro
849 2119 1046 2186 Palatinetus
1074 2126 1142 2187 tum
1170 2123 1319 2204 temporis
1339 2123 1604 2189 Administratere
1632 2123 1752 2204 literis,
1779 2122 1839 2190 bac
1865 2124 1976 2190 relicta
1995 2124 2164 2192 Academia

421 2216 705 2300 Heidelbergaw)
724 2217 867 2284 secessit:
897 2217 951 2284 ubi
974 2217 1175 2302 Theologiem
1198 2225 1263 2286 tam
1284 2221 1412 2304 seriptis
1433 2221 1620 2288 doctissimis
1640 2221 1759 2303 ingenii
1776 2227 1810 2289 et
1827 2221 1900 2289 fidei
1920 2223 2057 2290 testibus
2076 2223 2164 2290 lucu·

419 2315 611 2398 lectissimis,
630 2333 724 2399 quam
744 2317 815 2382 viva
834 2335 910 2384 voce
929 2319 1119 2402 propagavit
1135 2323 1169 2385 et
1183 2319 1354 2386 illustravit
1367 2319 1486 2388 sedulo.
1529 2320 1656 2404 Scripta
1670 2339 1746 2386 uero
1761 2320 1847 2388 edita
1858 2321 2165 2404 comprehenduntur

421 2415 523 2482 tribus
544 2415 636 2482 toruis
662 2415 776 2483 Primo
796 2416 947 2484 decerto
968 2418 1034 2484 Dei
1054 2421 1173 2501 eteius
1195 2421 1387 2486 tractatione
1407 2419 1461 2486 ab.
1481 2419 1535 2487 II:
1565 2419 1710 2488 &eundo
1729 2419 1886 2504 Syeaopaa's
1903 2423 1971 2488 sive
1991 2420 2164 2489 detentio

420 2514 558 2582 methodi
580 2513 785 2598 teeotopeae:
806 2517 913 2583 Tertio
928 2517 1101 2584 Merendae
1121 2517 1309 2602 lbeolopice
1325 2519 1422 2601 plene
1442 2519 1659 2602 consonante:
1681 2526 1797 2602 puorto
1818 2519 1900 2586 Ideo
1921 2520 2062 2586 leem
2083 2539 2164 2588 cona

420 2615 565 2681 montom
586 2614 856 2698 Urcolopicomm:
887 2618 997 2700 quinto
1017 2616 1173 2700 synopsis
1202 2620 1300 2684 totius
1326 2619 1471 2701 corporis
1495 2617 1661 2684 doctrinae
1681 2617 1832 2700 Philippi
1858 2617 1998 2685 ambos
2026 2639 2164 2702 conpre-

421 2713 539 2780 hensa:
568 2711 664 2780 Seeto
693 2714 779 2780 oliae
804 2715 905 2782 theses
931 2716 972 2782 de
992 2716 1160 2799 plerisque
1170 2717 1201 2800 ⁴)
1223 2716 1413 2802 malopem
1434 2715 1591 2799 pertibus
1610 2718 1648 2784 lo
1666 2717 1854 2783 Accdeaniia
1873 2717 2109 2802 Morparpensi
2135 2725 2166 2787 et

422 2811 686 2895 Heidelberpensa‘
695 2813 889 2896 disputatae.
908 2863 912 2872 -
931 2814 1077 2884 &cundo
1090 2832 1165 2881 vero
1180 2815 1275 2883 Temo
1289 2815 1467 2882 continetur
1479 2815 1636 2900 Eecgeae's
1647 2817 1677 2899 ⁸)
1691 2817 1943 2898 praecipuorum
1954 2817 2166 2884 artieaelcram

423 2910 637 2994 Aapeesteone
659 2911 887 2996 Confessionis.
940 2915 1048 2981 Tertio
1075 2913 1209 2997 denique
1236 2915 1401 2982 exhibetur
1420 2914 1577 3000 Exepesis
1603 2915 1880 2999 interpretationis
1900 2915 2116 2986 Scholastieoe
2135 2924 2167 2984 ct

425 3010 628 3095 lbeotopicoc
646 3031 745 3095 super
764 3012 895 3082 selectos
916 3013 1040 3098 aliquot
1052 3015 1200 3097 psalmos
1220 3013 1365 3083 Decidio
1379 3014 1418 3097 ⁸).

1106 3290 1240 3359 Daniel
1265 3290 1489 3360 decolorius

1204 3445 1387 3504 cassellanua

547 3619 702 3702 Magister
723 3619 841 3686 artium
863 3639 881 3687 e
904 3619 1012 3687 schola
1031 3619 1225 3701 Tubingensi
1245 3618 1307 3686 buc
1328 3619 1370 3686 ad
1400 3615 1612 3685 instituendos
1633 3615 1861 3700 stipendiarios
1888 3615 2056 3684 muratus
2077 3621 2167 3685 extra

425 3719 565 3786 ordinem
584 3719 668 3786 locos
689 3719 875 3803 praecipuos
897 3719 1100 3802 Tbeologieoc
1119 3717 1256 3801 Philippi
1275 3716 1514 3800 Melanchtenis,
1535 3735 1636 3800 osque
1656 3716 1732 3784 dum
1756 3715 1856 3798 locus,
1874 3716 1930 3800 qui
1949 3716 2068 3784 bomini
2084 3718 2167 3784 inter

426 3819 602 3902 Theologos
624 3819 720 3886 tribui
741 3824 863 3902 posset,
892 3825 1034 3900 vacaret,
1060 3817 1232 3884 illustravit
1252 3822 1287 3883 et
1308 3818 1481 3884 orationem
1500 3815 1729 3883 confluentibus
1749 3815 1888 3899 undique
1909 3815 2106 3882 auditoribus
2127 3815 2167 3884 de

425 3919 549 3985 ratione
575 3917 762 3984 instituendi
789 3917 885 3984 studii
914 3916 1092 3999 Theologici
1122 3935 1206 3983 anno
1229 3916 1379 3982 MDLXX
1399 3915 1545 3982 ianuarii
1564 3915 1625 3982 XV
1654 3914 1765 3982 habuit
1790 3915 1924 3998 publice.
1972 3913 2050 3981 (lum
2069 3915 2168 3998 igitur

425 4036 483 4100 per
503 4017 725 4100 sesquiannum
754 4017 936 4099 tyrocinium
963 4016 1088 4083 lecisset
1114 4017 1379 4099 eruditionemque
1399 4015 1568 4098 'probasset
1594 4014 1751 4095 omnbus,
1778 4013 1893 4080 loanni
1920 4031 1941 4080 a
1967 4013 2168 4080 Waldmans-

426 4117 548 4182 hausen
568 4121 757 4197 surrogatus
785 4117 818 4182 in
847 4133 1011 4181 numerum
1037 4116 1265 4181 ordinariorum
1286 4113 1498 4196 professorum
1517 4113 1668 4197 recipitur
1692 4130 1776 4180 anno
1799 4112 1968 4179 Muuxxl
1989 4113 2078 4179 Junii
2098 4113 2167 4180 XV.

428 4214 572 4282 Decanus
593 4215 703 4281 debinc
724 4219 851 4282 creatus
869 4220 919 4281 est
939 4233 1022 4280 anuo
1035 4214 1199 4280 DLXXIII
1219 4231 1257 4278 ac
1279 4212 1428 4278 decennio
1447 4212 1657 4295 postRector.
1698 4211 1840 4278 Gradum
1854 4216 1960 4278 autem
1979 4211 2169 4296 Theologiac

429 4331 582 4380 summum
597 4318 630 4380 et
640 4313 787 4380 Doetoris
802 4312 928 4380 titulum
943 4314 1114 4397 promeruit
1133 4330 1216 4378 anno
1231 4311 1378 4378 DLXXV
1391 4311 1422 4394 ')
1441 4328 1481 4378 ac
1500 4311 1627 4378 biennio
1639 4315 1713 4394 post
1727 4311 1866 4377 monada
1887 4311 1954 4376 vice
1966 4311 2168 4379 Recteratum

429 4412 535 4495 gessit
576 4412 651 4478 Vita
671 4411 836 4480 defunctus
855 4411 981 4478 tandem
1001 4413 1032 4478 x
1052 4411 1169 4495 Aprilis
1189 4429 1272 4478 anno
1292 4409 1438 4493 DXGVI,
1465 4426 1564 4493 quum
1585 4427 1684 4478 annos
1707 4410 1797 4477 XXV
1816 4409 2030 4478 Professorcm
2050 4413 2169 4495 egisset

429 4515 464 4580 et
483 4511 644 4595 Ephorum
662 4511 932 4594 rigilanussinum
944 4511 982 4594 ⁸).

534 4757 563 4824 1)
581 4753 626 4808 Sic
650 4753 796 4824 perspicue
814 4753 944 4826 seriptum
967 4761 1057 4812 exstat
1083 4771 1134 4826 per
1156 4753 1252 4810 mirum
1269 4769 1390 4811 errorem
1408 4769 1505 4811 nomen
1526 4753 1578 4809 riri
1598 4753 1758 4811 Hunnianee
1781 4754 1920 4813 domnae
1941 4761 2052 4813 menos
2075 4755 2169 4814 adrer-

431 4840 530 4906 ssntie,
560 4839 834 4981 qsslrerestrtobotua
856 4841 1056 4911 appellabatur.
1097 4841 1216 4898 Uberius
1240 4839 1274 4896 de
1297 4855 1330 4897 eo
1354 4839 1412 4910 egit
1434 4839 1462 4896 J.
1489 4839 1616 4896 Calvinus
1640 4840 1762 4900 oratione
1784 4842 1931 4916 parentali,
1963 4857 2018 4913 qua
2041 4843 2084 4900 uel
2107 4849 2171 4900 sunt

432 4928 562 4996 Adamuo,
604 4925 676 4980 iem.

535 5015 566 5081 2)
583 5011 629 5067 Sic
645 5010 712 5083 cod,
731 5011 782 5068 Til.
800 5014 996 5070 redimerent.

532 5099 562 5169 8)
580 5097 670 5154 Locos
686 5097 819 5166 imaginis.

535 5187 564 5253 l)
581 5181 646 5239 dou
658 5183 792 5254 pter-'poe

534 5271 565 5341 b)
584 5268 649 5325 cod.
666 5269 777 5326 Bessis.

535 5356 566 5426 6)
583 5355 705 5425 Spatium
724 5354 851 5425 exiguum
868 5355 1000 5414 addendis
1017 5355 1141 5414 relictum
1159 5367 1208 5416 est.

535 5443 568 5508 7)
585 5441 674 5497 mour
692 5440 823 5510 imaginis.

536 5526 566 5596 t)
585 5526 650 5584 Ccd.
669 5527 914 5598 diligentissimum.
