5534 6984
579 831 625 903 48

579 1021 688 1102 rediit,
712 1019 766 1086 ubi
794 1036 856 1083 non
876 1017 966 1081 multi
994 1015 1140 1082 abierunt
1168 1014 1250 1094 dies,
1277 1013 1354 1096 quin
1374 1015 1530 1082 Witoduri
1552 1017 1693 1099 Tigurini
1714 1017 1865 1100 primatos
1886 1017 1916 1082 ei
1941 1017 1979 1083 de
2002 1017 2103 1084 officio
2125 1019 2323 1083 instaurandi

578 1120 735 1203 gymnasii
754 1118 804 1184 sui
820 1116 1049 1199 prospicerent,
1070 1116 1165 1181 etiam
1185 1113 1341 1196 stipendio
1361 1114 1488 1180 decreto
1509 1115 1649 1182 uberiori
1668 1122 1701 1182 et
1718 1116 1840 1199 adjecto
1861 1116 2090 1184 subdiaconatu
2110 1119 2143 1183 in
2164 1118 2323 1184 suburbio.

577 1219 698 1286 Accidit
724 1234 781 1300 per
809 1216 841 1280 id
869 1220 994 1297 tempus
1022 1220 1059 1280 ut
1083 1213 1231 1280 Claudius
1259 1213 1405 1280 Alberius
1432 1215 1600 1281 Lusannae
1627 1215 1772 1281 turbaret
1799 1215 1955 1281 Ecclesiae
1976 1215 2203 1298 Heterodouia‚
2235 1218 2324 1300 cnjus

578 1318 734 1383 orationes
755 1314 918 1398 apodiatas
930 1315 960 1399 ¹)
990 1332 1059 1380 cum
1080 1313 1251 1380 refutasset
1271 1313 1419 1397 Epltnus,
1442 1331 1479 1378 eo
1505 1314 1617 1395 effecit,
1645 1320 1683 1379 ut
1703 1314 1857 1382 Vitoduro
1880 1315 2031 1396 Tigurum
2052 1323 2250 1382 evocaretur:
2270 1317 2324 1383 ubi

579 1417 714 1497 primum
736 1415 794 1481 XV
822 1414 994 1481 Juvenibus
1022 1414 1084 1478 illis
1113 1413 1235 1480 selectis
1263 1411 1412 1495 praefuit,
1446 1412 1518 1478 irulc
1553 1431 1573 1478 a
1602 1415 1718 1480 Senatu
1751 1414 1951 1480 confirmatus
1981 1414 2166 1481 Monosterii
2192 1416 2322 1500 Majoris

577 1515 765 1581 Diaconatni
787 1511 937 1596 adjuncta
957 1514 1030 1578 noui
1050 1513 1244 1579 Testamenti
1264 1512 1464 1595 professione,
1485 1516 1597 1594 postca
1619 1531 1693 1578 vero
1715 1515 1920 1594 canonicatui,
1946 1515 1999 1580 ubi
2020 1534 2057 1580 ex
2079 1514 2214 1581 Senatus
2233 1516 2324 1597 jussu

578 1616 713 1680 Cautum
734 1611 990 1678 Ecclesiasticum
1014 1612 1188 1677 introduxit
1216 1612 1332 1694 primus
1358 1609 1391 1674 iu
1410 1610 1591 1677 Ecclesiam.
1641 1611 1779 1694 Cumque
1801 1613 1868 1694 jam
1888 1631 2003 1679 annum
2024 1615 2174 1679 decimum
2196 1632 2233 1679 eo
2253 1633 2323 1696 per-

576 1715 762 1794 fungeretur
782 1728 928 1792 munere,
956 1712 1060 1776 nescio
1091 1729 1153 1792 qua
1180 1711 1360 1777 infelicitate
1384 1727 1443 1774 sua
1468 1716 1601 1792 propter
1620 1717 1719 1776 artem
1740 1710 1919 1793 bemicarn
1945 1714 2082 1794 acceptis
2104 1732 2121 1778 e
2140 1715 2243 1795 patria
2265 1733 2323 1779 sua

577 1811 773 1893 dimissoriis,
796 1827 878 1875 anno
899 1809 1036 1876 MDCVI
1056 1810 1230 1875 Hessorum
1245 1810 1381 1891 Principi
1394 1809 1547 1874 Mauritio
1570 1829 1659 1874 suam
1678 1811 1711 1875 in
1726 1809 1893 1875 Academia
1916 1816 2025 1876 nostra
2046 1813 2159 1877 obtulit
2180 1831 2322 1893 operam3

577 1929 658 1994 cquae
679 1928 749 1976 cum
771 1927 836 1974 non
855 1908 1081 1991 displicuisset,
1107 1914 1235 1990 postera
1257 1909 1462 1975 Pentecostes
1488 1909 1521 1974 in
1544 1926 1616 1974 arce
1639 1907 1820 1974 Gassellana
1846 1910 2025 1976 concionem
2046 1910 2166 1975 habuit.
2208 1911 2323 1976 Paucis

578 2010 651 2076 iude
672 2008 781 2074 diebus
803 2013 930 2089 accepto
961 2008 1076 2074 uiatico
1098 2008 1305 2090 Marpurgum
1324 2008 1493 2090 ablegatus
1512 2013 1576 2090 est,
1606 2014 1643 2073 ut
1671 2011 1703 2072 in
1731 2013 1879 2090 quartum
1905 2008 2115 2090 professorem
2137 2009 2323 2091 Theologiao

577 2109 790 2189 ascisceretur,
812 2106 894 2189 quod
916 2111 949 2172 et
969 2105 1087 2172 facturn
1108 2125 1191 2172 anno
1211 2107 1361 2188 proximo,
1381 2126 1449 2173 cum
1464 2126 1484 2172 a
1499 2105 1693 2173 Schonfeldio
1707 2106 1837 2173 Seniore
1847 2107 1922 2172 XIX
1938 2108 2048 2173 Martii
2062 2109 2116 2174 SS.
2135 2108 2322 2190 Theologiae

577 2211 696 2274 Doctor
717 2206 870 2288 Principis
896 2205 1103 2272 beneficentia
1129 2210 1162 2270 et
1193 2204 1385 2270 liberalitate
1415 2207 1617 2272 renunciatus
1645 2211 1738 2271 esset.
1789 2206 1859 2285 Qua
1886 2207 1919 2272 in
1945 2206 2137 2289 professione
2164 2208 2322 2273 ordinaria

579 2307 758 2375 deserviens
780 2305 837 2370 sub
859 2306 934 2371 anni
955 2305 1030 2371 XIV
1050 2303 1144 2370 finem
1166 2305 1260 2369 etiam
1281 2304 1321 2369 ad
1340 2306 1544 2386 pastoricium
1563 2305 1595 2369 in
1616 2323 1688 2372 arce
1707 2323 1822 2370 munus
1841 2312 1969 2372 euectus
1988 2311 2046 2372 est.
2088 2309 2178 2371 Anno
2198 2307 2324 2372 domum

577 2405 756 2472 MDCXXII
781 2404 962 2488 dysenteria
989 2409 1150 2484 correptus
1169 2404 1228 2468 XX
1256 2404 1391 2484 Augusti
1410 2405 1550 2469 reddidit
1576 2409 1709 2469 mortem
1731 2410 1864 2469 naturae
1886 2405 2034 2470 debitam.
2079 2406 2203 2487 Scripta
2224 2403 2323 2470 edidit

578 2505 699 2587 aliquot
720 2505 904 2588 Eacpetico,
925 2503 1127 2587 Dopmotieo,
1149 2503 1351 2584 Prophetico,
1375 2503 1534 2587 bemico,
1562 2521 1600 2568 ac
1620 2502 1658 2568 de
1680 2521 1738 2568 sua
1758 2505 1894 2585 imagine
1914 2504 1972 2570 boc
1994 2506 2260 2586 tetragramma²)

1060 2601 1151 2658 Iconii
1163 2601 1256 2668 facies
1271 2602 1339 2656 boec
1356 2608 1397 2658 est
1414 2603 1569 2672 Ropbaelia
1586 2602 1685 2672 Epliui

1095 2688 1248 2742 Praeconis
1264 2690 1342 2758 requi
1354 2688 1536 2756 justitiaeque
1553 2688 1623 2754 Dei,-

1061 2775 1110 2827 Me
1130 2775 1261 2844 Tipasam
1273 2776 1395 2844 peperit:
1413 2775 1545 2829 Doctora's
1562 2775 1712 2829 fromondus
1731 2775 1813 2829 urcait

1097 2861 1299 2932 Afarpurpacm5
1317 2861 1453 2930 Princeps
1469 2861 1676 2929 Aloatrttiusque
1691 2862 1779 2931 soret.

1248 3125 1433 3207 Georgius
1466 3127 1651 3208 Cruciger.

702 3291 889 3372 Magnorum
914 3288 1142 3371 Theologorunr
1169 3289 1465 3372 Crucigerorum2),
1495 3291 1546 3356 aui
1572 3292 1646 3371 (quo
1675 3292 1707 3356 in
1734 3291 1952 3357 reformatione
1980 3291 2137 3356 Ecclesiae
2165 3288 2321 3355 hutlrerus

582 3392 655 3456 olim
686 3397 718 3456 et
749 3389 912 3471 Philippus
946 3394 1112 3470 parastata
1138 3388 1321 3470 gaudebant
1348 3407 1385 3453 ac
1413 3392 1599 3471 symmysta)
1633 3397 1666 3455 et
1692 3391 1794 3472 patris
1828 3389 2019 3455 orthodoxae
2048 3390 2119 3455 fidoi
2147 3390 2322 3455 Assessoris

580 3489 835 3567 constantissimi,
855 3505 951 3568 nepos
973 3492 1005 3551 ct
1025 3486 1106 3552 filius
1126 3487 1266 3552 rtacsitur
1280 3487 1459 3569 Mersburgi
1479 3489 1584 3554 XXIV
1598 3489 1756 3571 Septemb.
1780 3508 1863 3554 antro
1877 3490 2065 3569 ubuxxv,
2088 3507 2183 3569 quum
2197 3489 2322 3568 Gaspar

574 3590 680 3672 junior
700 3593 793 3670 pater
815 3587 871 3654 SS.
893 3584 949 3650 Th.
971 3585 1102 3667 Doctor,
1124 3588 1177 3666 qui
1195 3586 1411 3669 Wittebergae
1432 3588 1549 3654 multos
1571 3607 1672 3654 annos
1695 3590 1809 3655 Saccas
1830 3590 1939 3654 literas
1961 3607 2030 3654 cum
2049 3587 2143 3652 laude
2164 3588 2323 3666 docuerat,

577 3692 708 3769 propter
729 3689 964 3768 tempestatem,
994 3702 1073 3766 quae
1094 3688 1163 3750 tum
1182 3688 1331 3768 temporis
1353 3688 1387 3752 in
1407 3687 1498 3753 istius
1518 3688 1578 3753 loci
1601 3688 1773 3768 Theologos
1799 3688 1986 3754 incubuerat
2011 3688 2193 3768 praecipue,
2224 3686 2323 3752 solrun

578 3805 649 3852 curru
668 3784 795 3864 cohegis
817 3789 938 3848 vertere
961 3788 1132 3863 cogeretur.
1176 3784 1264 3850 Sicut
1284 3786 1311 3851 is
1333 3791 1439 3851 autem
1460 3805 1479 3850 a
1498 3806 1595 3867 puero
1617 3788 1727 3852 statim
1749 3787 1924 3867 linguarum
1945 3787 2122 3867 artiumque
2143 3785 2319 3850 liberalium
2348 3848 2352 3854 ,

580 3884 704 3951 cultura
725 3899 921 3963 suurmopere
940 3880 1002 3945 fuit
1023 3881 1212 3966 delectatus3
1241 3884 1287 3949 ita
1315 3903 1387 3948 cum
1417 3885 1533 3950 eisdem
1563 3886 1655 3952 simul
1678 3887 1807 3968 pietatis
1836 3887 2056 3967 coguitionem,
2086 3885 2200 3967 partini
2220 3885 2322 3966 patris

579 3999 670 4064 cure,
701 3981 819 4062 partim
852 3997 948 4061 opera
980 3985 1233 4063 praeceptorum,
1263 3983 1439 4064 comprimis
1467 4002 1542 4049 vero
1570 3985 1713 4050 Doctoris
1747 3985 1878 4050 Joanrris
1902 3984 2060 4064 Bilstenii,
2091 3985 2145 4065 qui
2171 3983 2322 4065 singulari

579 4081 768 4146 dexteritate
786 4079 986 4160 Juventutem
1007 4080 1187 4162 aliquandiu
1213 4081 1276 4146 illic
1303 4082 1480 4164 erudiebat,
1508 4083 1610 4148 auimo
1631 4083 1828 4165 cupidissimo
1850 4084 1978 4148 imbibit.
2023 4085 2111 4160 Quae
2133 4084 2322 4164 linguarum,

578 4179 793 4262 Philosophiae
822 4183 854 4244 et
875 4177 1064 4260 Theologiao
1093 4179 1197 4245 studia
1225 4199 1318 4262 porro
1345 4181 1428 4263 apud
1456 4187 1593 4264 anteros,
1621 4184 1721 4264 primo
1749 4183 1876 4265 quidem
1905 4185 1938 4248 in
1960 4184 2131 4248 Nassouico
2153 4183 2323 4264 Gymnasio

578 4279 741 4362 Sigeuensi
761 4277 820 4343 sub
838 4277 929 4342 Joan.
952 4278 1123 4345 Piscatoris
1142 4280 1354 4362 institutione,
1381 4280 1467 4346 ultra
1487 4281 1658 4362 biennium3
1685 4282 1849 4363 postmodo
1872 4300 1958 4364 uero,
1988 4283 2187 4364 perlustratis
2218 4288 2324 4348 tauma

578 4387 652 4443 aute
674 4395 725 4441 an.
749 4376 931 4442 lllDXCVII
953 4377 1108 4458 Lipsiensi
1129 4384 1160 4444 ct
1181 4379 1434 4461 ll'ittobergensi,
1456 4378 1511 4444 ubi
1530 4398 1587 4460 per
1606 4398 1724 4445 anuum
1745 4381 1888 4446 substitit
1908 4380 1973 4446 fere
1996 4383 2163 4463 integrum,
2190 4381 2324 4447 Univer-

579 4475 742 4558 sitatibus,
780 4475 813 4541 in
843 4475 1100 4558 Heidelbergcnsi
1132 4477 1300 4544 Academia
1330 4483 1399 4544 toto
1439 4478 1574 4544 triennio
1613 4481 1760 4545 contiuuo
1793 4479 1888 4544 coluit
1905 4480 2048 4546 uterus
2076 4481 2323 4562 lieckermanno,

579 4577 729 4657 l'ossano,
751 4572 927 4658 Calamino,
953 4576 1090 4642 lleutmo
1118 4583 1151 4641 et
1172 4577 1274 4642 Pareo
1298 4595 1376 4642 usus
1404 4578 1669 4658 praeceptoribus.
1712 4579 1850 4656 Quorum
1875 4580 2147 4644 commendatione
2176 4597 2213 4643 ac
2234 4579 2323 4644 testi·

578 4677 680 4742 monio
698 4673 829 4756 egregia
849 4675 1074 4757 honestatus⁴)
1101 4675 1160 4740 An.
1182 4675 1272 4742 leO
1302 4677 1385 4742 redit
1413 4676 1585 4759 cassellas,
1612 4677 1667 4743 ubi
1696 4677 1782 4743 odito
1806 4678 1895 4759 prius
1923 4679 2089 4761 specimine
2118 4697 2156 4742 ox
2184 4678 2324 4744 blauritii

579 4775 732 4857 Principis
756 4775 849 4854 jhssu
879 4773 1004 4840 scholae
1029 4773 1210 4855 praeficitur
1222 4779 1251 4858 ⁵)
1274 4775 1403 4858 aulicae,
1422 4775 1454 4840 iu
1476 4793 1538 4857 qua
1560 4775 1752 4840 selectiorem
1770 4776 1945 4858 Juventutis
1963 4775 2071 4842 florem
2084 4778 2117 4841 in
2138 4777 2322 4842 humaniore

579 4874 742 4939 literatura
771 4879 804 4939 ct
831 4891 906 4938 uera
932 4871 1116 4939 informaret
1143 4874 1271 4955 pietate.
1325 4875 1388 4940 Sed
1410 4880 1576 4956 perspecta
1605 4874 1689 4940 illius
1718 4875 1750 4939 in
1775 4876 2048 4941 administratione
2069 4878 2216 4958 muueris,
2237 4877 2322 4958 quod

579 4980 646 5037 toto
667 4972 878 5055 quinquennio
900 4977 1054 5054 gesserat,
1076 4971 1138 5038 fide
1155 4978 1188 5038 et
1203 4974 1340 5056 solertia,
1359 4975 1426 5055 jam
1438 4974 1571 5055 amplius
1587 4974 1752 5039 uoluntate
1767 4975 1927 5057 Principis,
1945 4975 2122 5056 judicioque
2135 4975 2322 5042 Academiae

684 5155 712 5222 i)
730 5155 776 5210 Sic
794 5153 857 5222 llil,
876 5153 927 5207 'fil
947 5168 1015 5208 corr.
1033 5155 1212 5223 apodicticae.

679 5239 709 5307 2)
728 5239 793 5294 cod.
813 5245 999 5308 tetragamus.

681 5327 710 5391 3)
727 5324 770 5379 De
790 5323 996 5392 crucigerorum
1014 5324 1118 5380 familia
1134 5326 1302 5381 Stricderum
1321 5334 1447 5382 accurate
1464 5334 1585 5395 agentem
1604 5344 1814 5383 commemorare
1835 5329 1957 5383 sufficiat.

680 5409 711 5476 4)
731 5409 784 5550 ΤΗ(ί
802 5409 941 5465 abundato
958 5410 1073 5466 relativo
1092 5427 1236 5480 perperam
1257 5427 1316 5466 cum
1336 5414 1558 5468 antecedentibus
1580 5417 1721 5483 conjuncto
1744 5416 1770 5469 h.
1788 5415 1805 5470 l.
1827 5415 1974 5483 distinguit.

679 5496 709 5564 5)
728 5495 765 5550 Co
786 5495 951 5564 .proefitur.
