5534 6984
907 975 1075 1070 lli-ardus
1104 973 1333 1057 Schneplius
1359 977 1688 1060 Hailprunnensis.

464 1187 467 1192 Α
549 1137 721 1204 Primarius
743 1136 932 1220 Theologiae
953 1135 1117 1202 Professor
1136 1133 1384 1218 facundissimus,
1404 1141 1522 1206 artium
1538 1141 1695 1224 Magister
1707 1145 1935 1213 Baccalaurcus
1955 1148 2040 1214 inter
2052 1150 2171 1231 primos

429 1237 617 1304 Academiae
630 1255 776 1322 proceres
790 1238 993 1304 Rectoratum
1014 1235 1112 1316 gessit
1131 1251 1215 1301 auno
1229 1235 1414 1304 MDXXXII
1432 1240 1543 1321 prima,
1565 1259 1602 1307 ac
1622 1243 1760 1308 secunda
1780 1245 1846 1311 vice
1863 1264 1946 1312 anno
1962 1245 2171 1315 Muxxxrv.

428 1339 656 1420 Doctoremque
682 1337 872 1418 Theologiae
901 1336 932 1400 in
972 1335 1031 1400 huc
1059 1333 1227 1400 Academia
1257 1336 1390 1418 primum
1425 1339 1622 1404 renunciavit
1647 1340 1829 1409 Lonicemm
1844 1344 1880 1427 ¹).
1930 1345 2017 1413 Obiit
2044 1347 2172 1414 tandem

426 1437 526 1503 lenae
553 1435 594 1502 ad
617 1435 723 1504 Salam
750 1434 985 1518 dymactericus
1011 1451 1095 1499 anno
1124 1433 1276 1500 MDLIIX
1300 1435 1402 1518 primo
1424 1437 1610 1504 Novembris
1640 1439 1706 1522 die,
1736 1443 1787 1508 cui
1811 1444 1929 1511 exuviis
1957 1446 2060 1513 soluto
2089 1466 2171 1513 mor-

426 1535 542 1602 talibus
564 1535 621 1602 hoc
642 1535 772 1617 reliquit
791 1533 974 1601 lincomium
996 1533 1140 1615 Nigidius

911 1631 1039 1704 Snepfiua
1055 1631 1186 1702 aequarit
1202 1631 1273 1688 clari
1291 1632 1484 1690 Demosthenis
1500 1651 1560 1701 ora,

945 1717 982 1772 In
998 1733 1079 1774 sacro
1093 1717 1202 1787 suamet
1219 1735 1279 1772 com
1296 1735 1378 1775 caera
1396 1721 1479 1776 cerba
1495 1721 1564 1778 loco.

912 1803 969 1858 Hic
985 1804 1145 1860 summm
1162 1819 1211 1859 ceu
1230 1803 1356 1862 Gallinas
1376 1807 1521 1876 Oporiw)
1539 1825 1622 1865 ocrea

948 1891 1056 1956 Traxit,
1074 1905 1128 1960 grta
1147 1889 1227 1945 vellet
1245 1891 1296 1946 boa
1313 1907 1366 1946 auo
1383 1893 1467 1948 nebo
1482 1896 1561 1964 aequi
1572 1896 1608 1964 ⁸).

911 1977 947 2032 ln
969 1975 1107 2032 &dedra
1124 1982 1222 2032 mutor
1239 1991 1288 2036 ceu
1305 1979 1416 2047 apicula
1427 1979 1493 2048 fica
1510 1981 1630 2050 reliquit,

945 2061 1041 2118 bracar
1059 2062 1124 2132 apia
1141 2067 1254 2116 menum
1272 2078 1342 2132 quoe
1361 2065 1471 2134 tetigere
1483 2066 1506 2132 ι)
1524 2065 1630 2120 bonam.

913 2147 1047 2204 Facunda
1064 2145 1165 2204 insedit
1183 2147 1269 2202 Pitho
1286 2149 1449 2205 ammobilia
1466 2152 1518 2216 ori,

945 2233 987 2288 Et
1004 2239 1087 2290 norat
1103 2235 1173 2288 miro
1191 2233 1274 2298 verbu
1292 2239 1389 2290 tonan
1404 2234 1495 2302 modo,

916 2317 1057 2374 Tractoait
1072 2335 1144 2390 pure
1160 2317 1322 2389 Scripturas
1338 2321 1453 2376 macula
1472 2319 1597 2387 Sanctae,

948 2401 1056 2460 &dicet
1072 2405 1207 2476 interpres
1226 2405 1345 2474 sedulae,
1364 2407 1489 2462 eximias.

913 2489 1089 2559 Linguam
1107 2489 1188 2546 donia
1203 2491 1280 2560 queis
1292 2493 1315 2558 ⁸)
1332 2507 1390 2548 non
1408 2492 1537 2548 excelluit
1553 2491 1619 2546 ille?

948 2575 1068 2633 Sacmd
1087 2577 1140 2634 best
1156 2593 1285 2648 ameum
1301 2593 1376 2634 orara
1395 2579 1549 2634 truculenta
1567 2579 1662 2634 cicera.

965 2907 1139 2976 Andreas
1169 2908 1362 2978 Gerardus
1390 2909 1633 2993 Hyperidem.

553 3083 705 3168 Hyperis,
739 3085 854 3168 inclyto
889 3085 1057 3154 Flandriae
1086 3089 1215 3172 oppido,
1252 3097 1345 3157 natus
1378 3089 1489 3156 MDXI
1519 3088 1551 3156 S.
1587 3107 1669 3155 anuo
1704 3093 1795 3172 patre
1831 3106 2003 3172 synonymo
2037 3089 2172 3170 Andres,

429 3181 602 3250 clarissimo
624 3183 741 3248 ibidem
764 3183 836 3266 jure
863 3187 1025 3270 consulto,
1052 3195 1274 3272 praeterquam
1300 3191 1383 3272 quod
1410 3189 1533 3272 patriae
1553 3187 1721 3270 Gymnasia
1752 3188 1890 3270 aliquam
1916 3189 2015 3255 multo
2034 3194 2174 3256 sectatus

430 3281 546 3346 artium
568 3281 711 3348 stadiae
732 3281 872 3350 lontibus
891 3284 1011 3367 hausit,
1039 3287 1169 3354 Parisiis
1191 3307 1313 3372 quoque
1339 3295 1372 3356 et
1396 3289 1527 3356 lovanii
1546 3287 1763 3371 Philosophiae
1785 3306 1823 3354 ac
1844 3287 2033 3370 Theologiae
2060 3287 2173 3354 studiis

430 3397 466 3445 se
487 3385 591 3445 totum
609 3380 747 3464 dedidit,
773 3386 811 3450 ut
839 3400 916 3466 agro
944 3402 1006 3451 non
1027 3385 1122 3453 semel
1142 3394 1250 3470 aratu,
1278 3389 1335 3455 sed
1364 3393 1481 3454 novato
1509 3395 1543 3454 et
1570 3389 1686 3454 iterato
1714 3386 1860 3452 meliores
1888 3387 1991 3452 foetus
2011 3391 2122 3469 posset
2141 3392 2174 3452 st

428 3477 613 3559 grandiores
634 3479 735 3546 edere.
777 3479 892 3548 Postea
915 3482 976 3567 [ut]
993 3487 1023 3567 ¹)
1046 3485 1167 3570 Ulyssis
1186 3487 1343 3554 Homerici
1357 3489 1462 3554 instar
1475 3486 1644 3553 multorum
1657 3486 1815 3552 hominnm
1835 3484 1931 3550 urbes
1952 3491 2049 3568 atque
2070 3503 2174 3552 mores

428 3578 639 3660 perspiceret,
668 3579 792 3645 ltaliam
812 3579 877 3646 iere
897 3583 1092 3666 universam,
1113 3586 1251 3668 itemque
1274 3586 1425 3667 Galliam,
1446 3585 1631 3666 Rispaniam
1646 3584 1678 3666 ⁸)
1707 3589 1741 3649 et
1760 3583 1957 3650 Britanniam
1983 3586 2172 3666 peragrarit.

429 3677 560 3742 Damam
581 3693 709 3758 operam
736 3695 827 3744 suam
849 3697 931 3746 anno
952 3681 1105 3748 MDXLII
1123 3683 1282 3750 Ecclesiae
1307 3690 1341 3750 et
1360 3683 1550 3750 Academiae
1570 3681 1792 3766 Marpurgensi
1816 3682 1939 3749 addixit
1965 3686 1999 3749 et
2019 3683 2173 3764 susceptis

430 3777 560 3842 summis
581 3777 615 3841 in
637 3776 823 3859 Theologica
842 3778 1010 3863 facultate,
1038 3781 1207 3849 Draconite
1227 3782 1446 3864 Brabeuta·)‚
1471 3781 1641 3848 honoribus
1669 3782 1805 3847 maximo
1829 3779 1954 3848 terrore
1977 3781 2011 3846 in
2032 3781 2174 3848 Ecclesia

429 3881 463 3941 et
483 3875 589 3943 schola
617 3893 725 3942 sacras
747 3875 855 3945 literas
884 3879 1006 3962 docuit,
1031 3881 1221 3964 easdemque
1248 3883 1373 3966 scriptis
1401 3881 1538 3963 pariter,
1565 3881 1598 3946 ia
1625 3880 1739 3963 quibus
1767 3879 1817 3946 vel
1842 3880 2011 3964 praecipue
2039 3880 2172 3947 hominia

429 3975 573 4042 doctrina
602 3975 718 4040 eminet
749 3981 845 4058 atque
877 3976 1049 4062 industria,
1085 3980 1275 4062 illustravit,
1311 4001 1328 4048 e
1365 3981 1481 4062 quibus
1513 3983 1587 4045 sunt
1621 3979 1876 4046 Commentarios
1904 3979 1945 4046 ds
1975 3979 2173 4047 mandis

430 4073 691 4158 Magistratibua
713 4074 745 4139 in
769 4093 831 4157 quo
848 4075 991 4144 Psalmus
1004 4077 1065 4144 XX
1086 4085 1270 4146 enarratur:
1292 4081 1369 4146 item
1389 4083 1425 4146 in
1441 4079 1610 4146 Paetinam
1625 4078 1700 4145 ΧΠ
1719 4083 1753 4144 et
1771 4079 1804 4144 in
1821 4077 1992 4160 Epistolm
2009 4077 2172 4145 Paulines

535 4339 559 4402 1)
578 4335 661 4391 Errat
672 4335 735 4406 Dii,
751 4335 786 4392 ad
804 4343 909 4406 patrem
919 4337 1056 4396 Erardm
1073 4341 1194 4398 reterens
1214 4340 1287 4410 quod
1307 4340 1342 4397 ad
1356 4339 1443 4396 lilium
1454 4339 1654 4396 Theodericum
1663 4341 1788 4409 pertinet
1824 4339 1947 4397 Erardus
1960 4341 2021 4410 ipse
2031 4340 2174 4410 Tubingae

431 4419 537 4474 demum
554 4420 710 4490 theologiae
728 4419 823 4478 doctor
841 4430 949 4480 creatus
968 4431 1018 4492 eat,
1037 4425 1083 4480 ubi
1102 4441 1126 4481 a
1145 4425 1294 4482 maxum
1318 4427 1517 4496 professionem
1535 4427 1716 4496 theologicam
1733 4434 1901 4496 susceperat
1936 4426 1976 4482 Oi.
1995 4425 2084 4482 Adam
2102 4425 2173 4482 ritae

431 4507 556 4560 German.
572 4506 658 4562 theob
677 4508 772 4577 (1620)
790 4523 818 4577 p.
837 4508 895 4578 323,
915 4509 961 4581 qui
981 4510 1067 4566 multo
1084 4510 1291 4568 luculentiorem
1308 4511 1343 4568 da
1360 4510 1464 4582 Snepfii
1482 4513 1538 4566 vita
1556 4512 1738 4567 nmradouem
1755 4511 1873 4568 exhibet

533 4593 559 4658 2)
578 4590 772 4660 SicNigidius;
794 4592 848 4649 Dil.
867 4593 937 4652 ialso
955 4597 1065 4665 scripsit
1077 4595 1189 4668 Opnioa.
1225 4599 1348 4668 Ogmium
1365 4597 1456 4653 Celtas
1473 4598 1616 4668 appellare
1630 4598 1785 4668 Herculem,
1803 4598 1940 4655 Luciacus
1958 4596 2043 4653 tradit
2053 4597 2133 4653 Herc.
2149 4601 2173 4650 l.

534 4677 564 4744 3)
581 4677 671 4733 Locus
686 4677 819 4748 imaginis.
1574 4719 1578 4730 ·

533 4761 563 4832 l)
583 4761 649 4818 Ccd.
668 4769 788 4834 aegea.

532 4849 563 4916 b)
581 4847 664 4918 Apud
682 4847 821 4920 Nigidium
838 4865 865 4918 p.
883 4851 915 4906 31
936 4849 1036 4920 legitur
1054 4869 1130 4922 goos.
1450 4870 1454 4880 ’

533 4935 563 5004 6)
586 4935 678 4990 Etiam
701 4936 730 4991 iu
753 4936 805 4991 bac
828 4937 883 4992 rita
914 4935 1094 4994 describenda
1116 4938 1170 4994 Dii.
1196 4939 1313 4994 maxime
1337 4955 1402 4997 usas
1430 4946 1473 4997 est
1496 4939 1651 4997 Boissardo.
1694 4941 1790 5011 Nuper
1812 4939 1847 4996 dc
1873 4937 1994 5008 Hyperio
2017 4937 2073 5006 sglt
2099 4935 2172 4992 Guil.

431 5018 562 5090 Mangold
577 5019 711 5090 peculiari
728 5019 969 5091 disputationem:
989 5022 1127 5080 Deutsebe
1142 5023 1298 5080 Zeitschrilt
1316 5025 1335 5080 l.
1352 5026 1456 5083 christi.
1475 5027 1643 5084 Wissenacb
1663 5029 1738 5083 asel.
1757 5025 1792 5082 N.
1810 5026 1923 5082 tto-82.

535 5106 565 5176 7)
579 5106 613 5160 V.
628 5113 660 5161 at
677 5105 705 5162 in
723 5105 782 5163 cod
800 5106 911 5176 quidam
931 5115 1102 5178 expunctum,
1121 5109 1170 5164 aad
1188 5109 1371 5166 necessariam
1389 5117 1439 5168 cst

534 5195 566 5257 8)
582 5191 625 5248 De
643 5191 778 5260 ilispania
795 5190 901 5249 dubitat
918 5193 1015 5249 Tilom.
1034 5210 1061 5264 p.
1081 5197 1128 5266 56,
1155 5195 1283 5264 quoniam
1302 5195 1455 5264 wigandus
1472 5197 1583 5254 orthius
1600 5198 1629 5252 ia
1646 5197 1771 5252 credone
1785 5194 1821 5250 de
1837 5194 1894 5250 rite
1913 5207 1946 5248 ac
1964 5190 2042 5248 obita
2057 5189 2173 5260 lipperti
2196 5265 2199 5272 1

431 5277 526 5334 habita
545 5277 579 5332 de
598 5277 696 5334 itincre
714 5277 863 5348 Hispanico
881 5278 949 5334 nihil
966 5279 1058 5334 hahet.
1093 5279 1147 5336 Dii.
1165 5280 1340 5338 Boisaardum
1358 5283 1489 5352 sequitur.

534 5367 564 5430 9)
582 5363 711 5419 Errorsm
734 5363 847 5419 Dilichii
870 5365 973 5421 nomrit
995 5365 1104 5435 iilam,
1135 5383 1196 5424 eum
1219 5366 1338 5424 doctoris
1363 5367 1480 5423 honores
1508 5382 1534 5424 a
1557 5364 1677 5422 lthlll
1704 5381 1721 5421 a
1752 5363 1981 5422 dalimnanus
2010 5358 2174 5417 Scbnahelio

432 5446 601 5506 Alsieldiano
620 5450 646 5505 ia
665 5449 815 5520 Hyperium
832 5449 927 5506 collati
944 5452 1005 5506 sint.
2039 5478 2042 5484 ·

1964 5549 2009 5612 ,.
