5534 6984
589 890 636 958 64

589 1093 712 1160 illectus
732 1092 765 1155 iu
786 1085 924 1169 ejusdem
947 1084 1081 1165 vestigia
1101 1082 1322 1148 incurrendum
1345 1084 1470 1163 putavit
1490 1082 1559 1148 sibi.
1589 1084 1726 1165 Ideoque
1742 1088 1845 1147 mente
1861 1082 2168 1164 cogitationibusque
2189 1085 2221 1147 iu
2235 1085 2330 1165 Juris-

588 1191 753 1276 prudentia
776 1186 884 1252 definis
907 1183 1042 1249 Galliam
1062 1184 1221 1266 inprimis,
1253 1200 1333 1264 quae
1359 1188 1425 1247 tum
1456 1183 1554 1248 veluti
1579 1183 1672 1248 ludus
1699 1188 1733 1248 et
1760 1181 1882 1246 officina
1908 1182 2177 1263 jurisprudentiae
2199 1183 2330 1265 patebat

591 1290 751 1369 omnibus,
773 1286 860 1351 adire
879 1285 994 1366 voluit,
1016 1283 1199 1365 parentibus
1221 1282 1373 1347 cleiunctis
1396 1300 1515 1363 eorum,
1539 1301 1616 1364 quos
1637 1283 1831 1363 sanguine1)
1851 1283 2045 1362 attingebat,
2066 1282 2194 1349 consilio
2217 1290 2249 1348 et
2270 1304 2329 1367 ope

588 1391 725 1473 adjutus
768 1384 1006 1451 Praecellebant
1026 1401 1062 1447 eo
1084 1389 1221 1465 tempore
1249 1383 1341 1448 isthic
1368 1401 1439 1446 oum
1463 1383 1544 1448 omni
1567 1384 1720 1448 virtutum
1748 1389 1781 1447 et
1803 1382 1916 1447 artium
1938 1401 2067 1463 genere,
2094 1387 2162 1447 tum
2185 1402 2258 1448 vero
2280 1383 2328 1448 vel

585 1491 665 1571 juris
683 1487 824 1569 inprimis
845 1484 1054 1564 intelligentia
1068 1483 1231 1547 clarissimi
1244 1481 1302 1546 viri
1319 1482 1412 1561 Baro,
1434 1482 1608 1561 Duarenus,
1631 1483 1797 1561 RobertuS,
1820 1481 1973 1564 Cujacius,
1992 1481 2148 1564 Corasius,
2168 1482 2328 1559 Donellus,

588 1589 778 1665 Balduiuus,
810 1604 886 1667 quos
913 1585 1083 1650 etiamnum
1108 1582 1242 1646 miratur
1270 1587 1301 1647 et
1332 1581 1475 1661 deinceps
1505 1580 1711 1646 admirabitur
1748 1582 1927 1663 posteritas.
1980 1582 2045 1646 Hos
2072 1584 2238 1665 plerosque
2264 1601 2328 1649 uon

588 1688 738 1755 audiebat
767 1686 889 1769 publice
910 1682 999 1748 modo
1028 1682 1256 1761 assiduissime,
1285 1698 1392 1744 rerum
1423 1681 1515 1745 etiam
1542 1682 1580 1745 ad
1611 1682 1736 1746 eosdem
1768 1700 1801 1746 se
1824 1682 2062 1747 familiarissime
2091 1684 2268 1764 applicabat
2295 1684 2328 1748 id

588 1788 857 1872 operaepretium
879 1790 968 1848 ratus
991 1782 1041 1845 vel
1069 1783 1212 1861 maxime,
1246 1781 1271 1844 si
1298 1780 1339 1843 ad
1366 1797 1490 1861 eorum,
1520 1799 1598 1862 quos
1620 1782 1652 1845 in
1678 1783 1748 1863 jure
1775 1783 1991 1863 paratissimos
2023 1789 2055 1847 et
2076 1783 2204 1847 consilio
2231 1791 2328 1864 atque

588 1888 756 1971 prudentia
775 1885 929 1967 principes
953 1882 1163 1963 cognovisset,
1191 1900 1224 1945 sc
1246 1897 1362 1961 suaque
1391 1882 1493 1945 omnia
1514 1880 1684 1961 effingeret.
1737 1882 1872 1963 Ideoque
1902 1882 1949 1946 his
1979 1882 2103 1962 quidem
2134 1890 2165 1947 et
2193 1884 2275 1947 ritae
2296 1891 2328 1948 et

590 1987 748 2053 doctrinae
769 1985 929 2065 magistris
958 1989 991 2046 ct
1012 1982 1190 2046 doctoribus
1211 1974 1356 2045 ea'breri
1379 1982 1528 2062 temporis
1551 1983 1655 2062 spacio
1677 1986 1709 2045 et
1731 1982 1827 2046 veluti
1847 2000 1902 2063 per
1924 2000 2045 2046 cursum
2066 1984 2213 2064 arripuit,
2248 2001 2328 2064 quae

589 2089 642 2153 alii
663 2088 715 2150 vin
735 2084 841 2149 multis
862 2084 968 2161 annia,
1000 2083 1094 2162 adeo,
1122 2087 1158 2147 ut
1178 2082 1328 2162 vigesimo
1357 2081 1494 2145 secundo
1525 2082 1639 2145 aetatis
1669 2100 1750 2146 auno
1779 2099 1899 2145 summa
1928 2083 1960 2145 in
1983 2088 2114 2162 utroque
2131 2083 2201 2162 jure
2221 2083 2328 2147 laurea

589 2189 724 2253 donatus
745 2184 838 2249 luerit
860 2183 1002 2248 Aureliis.
1054 2184 1158 2263 htque
1180 2183 1223 2245 sic
1245 2180 1369 2261 quidem
1392 2198 1408 2242 e
1429 2179 1532 2243 Gallia
1553 2179 1650 2243 veluti
1679 2200 1695 2243 e
1721 2180 1904 2245 literaturae
1926 2182 2026 2245 ornnis
2048 2182 2200 2262 emporio,
2232 2201 2327 2263 quum

588 2292 718 2370 propter
739 2283 960 2362 orthodoxam,
982 2300 1076 2363 quam
1099 2281 1320 2361 profitebatur,
1343 2280 1523 2359 religionem
1546 2279 1681 2343 reditum
1704 2280 1762 2343 sibi
1784 2281 1814 2343 in
1836 2281 1988 2362 patriam,
2013 2282 2066 2345 ubi
2087 2288 2154 2345 tum
2176 2283 2325 2363 temporis

588 2406 645 2470 per
665 2386 727 2451 rim
747 2384 952 2464 grassabatur
966 2383 1147 2445 immensum
1164 2379 1322 2459 lllbanus,
1344 2379 1543 2443 interclusum
1563 2379 1696 2459 rideret,
1719 2380 1840 2460 Spiram
1857 2380 2022 2445 Nemetum
2044 2381 2084 2443 ad
2107 2381 2180 2445 illud
2196 2382 2327 2447 Romani

589 2485 711 2568 Imperii
733 2481 871 2548 tribunal
893 2480 1060 2545 contendit.
1103 2480 1153 2543 Ita
1175 2479 1257 2541 euim
1275 2498 1332 2559 pro
1354 2497 1399 2557 eo,
1422 2497 1483 2560 quo
1501 2479 1647 2560 pollebat,
1669 2482 1782 2544 mentis
1805 2482 1944 2545 acunrine
1964 2482 2127 2562 jndicabat
2148 2482 2326 2563 prudentis-

589 2588 665 2651 sime
688 2586 720 2649 iu
740 2583 836 2647 rebus
858 2581 1034 2645 forensibus
1055 2597 1144 2642 usum
1172 2586 1268 2659 atque
1298 2579 1551 2643 exercitationem
1577 2580 1693 2660 ingenii
1713 2600 1732 2643 a
1760 2580 1920 2645 doctrinae
1950 2581 2106 2660 elegantia
2129 2601 2325 2663 nequaquam

590 2683 817 2766 segregandam
839 2680 876 2760 ei,
898 2680 952 2759 qui
965 2678 1087 2759 publica
1102 2676 1241 2741 utilitate
1255 2678 1358 2741 metiri
1377 2679 1483 2759 cupiat
1497 2679 1609 2743 omnia.
1653 2679 1861 2761 Caeteroquin
1873 2680 1931 2745 hoc
1946 2682 1977 2744 in
1991 2680 2055 2745 loco
2070 2699 2165 2761 quum
2181 2688 2326 2746 versatus

588 2791 672 2851 esset
694 2783 870 2858 triennium,
892 2776 1236 2860 comprehendissetque
1248 2775 1314 2840 fere
1332 2796 1379 2858 ea,
1401 2795 1531 2858 quorum
1546 2780 1649 2859 gratia
1669 2779 1771 2849 isthuc
1785 2774 1923 2859 ven'erat,
1944 2780 2070 2844 tandem
2086 2781 2325 2846 clarissimorum

588 2887 724 2951 virorum
746 2882 784 2945 D.
809 2879 928 2959 hegidii
948 2876 1121 2941 Mommcrii
1146 2882 1178 2940 et
1206 2877 1245 2940 D.
1268 2878 1388 2957 Aggaei
1417 2877 1455 2941 de
1485 2877 1608 2942 Albada
1636 2879 1712 2959 Imp.
1736 2878 1886 2944 Gamerae
1907 2881 2108 2944 hssessorum
2133 2882 2260 2945 hortatu
2288 2900 2324 2945 ac
2365 2915 2367 2919 ν

588 3003 686 3050 suasu
708 2982 912 3061 Marpurgum
933 2995 967 3040 sc
988 2976 1136 3054 contulit,
1165 2981 1203 3039 ut
1228 2994 1308 3056 quae
1335 2976 1435 3041 multo
1462 2977 1568 3042 labore
1596 2978 1771 3059 didicisset,
1806 2980 1913 3043 eadem
1944 2999 2005 3043 non
2034 2980 2145 3044 minori
2167 2980 2321 3044 industria

587 3083 761 3164 impertiret
789 3079 891 3143 isthuc
918 3077 998 3141 aliis.
1049 3076 1184 3156 Ideoque
1207 3076 1372 3156 impetrato
1399 3077 1585 3141 Academiae
1610 3076 1744 3158 primum
1773 3097 1924 3144 consensu
1956 3098 2037 3142 anno
2065 3078 2320 3144 erimbertus

588 3180 733 3248 Octobris
755 3179 801 3243 XI
821 3185 911 3242 entra
931 3175 1071 3239 ordinem
1092 3174 1204 3239 docere
1226 3175 1328 3255 coepit
1346 3176 1496 3255 gratis2).
1549 3176 1664 3242 Verum
1688 3195 1755 3242 cum
1786 3179 1956 3259 maj0ribus
1980 3179 2124 3243 Theatris
2155 3181 2222 3259 ejus
2253 3199 2325 3261 pro-

589 3281 708 3363 positae
731 3284 837 3342 esseut
850 3277 999 3354 tirtutes,
1021 3274 1113 3356 paulo
1128 3280 1199 3355 post
1219 3274 1375 3338 illustriss.
1391 3276 1522 3339 Hassiae
1543 3277 1714 3358 principum
1729 3276 1884 3342 Guilielrni
1908 3286 1939 3342 et
1955 3278 2099 3342 Ludorici
2122 3296 2150 3359 p.
2166 3280 2196 3342 d.
2208 3280 2325 3360 judicio

589 3386 622 3445 et
643 3378 748 3445 studio
769 3375 957 3457 stipendium
978 3375 1005 3439 ei
1028 3375 1180 3439 statuitur
1199 3375 1237 3438 dc
1257 3375 1397 3455 publico,
1426 3375 1677 3457 amplissimoque
1701 3376 1989 3442 Jureconsultorrun
2012 3377 2112 3441 ordini
2134 3378 2322 3461 adscriptus,

588 3479 713 3558 eadem,
744 3494 806 3558 qua
834 3476 902 3556 alii,
935 3479 1021 3539 sorte
1047 3480 1079 3538 et
1103 3475 1228 3555 quidem
1249 3476 1397 3539 Forstero
1425 3475 1664 3557 Heidelbergam
1693 3476 1844 3557 abeunte,
1869 3477 1969 3558 prima
1998 3498 2014 3541 e
2041 3478 2189 3543 cathedra
2214 3478 2325 3543 docere

583 3580 715 3662 jubetur
726 3578 763 3658 ³).
807 3578 897 3639 Anno
918 3580 1027 3655 postea
1048 3573 1197 3638 MDXXC
1217 3575 1415 3656 amplissimis
1444 3580 1611 3657 praeterea
1637 3575 1809 3641 honoribus
1841 3583 1871 3641 ct
1903 3576 2056 3655 dignitate
2078 3576 2243 3641 decoratus
2267 3586 2324 3642 est.

587 3680 667 3743 Nam
696 3682 728 3741 ct
757 3675 887 3755 lleipuh.
916 3672 1117 3738 Academicae
1144 3674 1354 3754 gubernacula
1380 3674 1426 3738 illi
1459 3676 1598 3755 regenda
1634 3675 1752 3740 traditu
1790 3683 1863 3741 sunt
1888 3682 1919 3739 ct
1952 3677 2011 3757 ipsi
2040 3696 2162 3757 quoquc
2192 3678 2324 3742 llassiae

587 3778 748 3858 Principes
770 3776 836 3855 ejus
859 3773 1053 3853 potissimum
1075 3791 1171 3854 opera
1193 3774 1322 3837 seorsim
1345 3774 1376 3837 iu
1398 3774 1532 3839 consiliis
1554 3780 1588 3839 et
1604 3792 1746 3857 supremo
1761 3776 1894 3841 Hassiae
1917 3776 2065 3840 tribunali
2088 3778 2134 3840 uti
2150 3777 2322 3859 voluerunt,

587 3880 698 3963 quibus
721 3879 751 3941 in
775 3874 890 3938 muniis
912 3873 1063 3936 obeundis
1085 3880 1179 3952 atque
1204 3873 1377 3937 tractandis
1402 3873 1539 3937 studium
1567 3876 1613 3939 ita
1642 3876 1748 3956 posuit
1770 3894 1874 3954 suum,
1909 3884 1945 3939 ut
1966 3875 2159 3957 Principibus
2183 3878 2322 3957 apprime

587 3985 696 4061 gratus
719 3973 910 4057 gravissimis
933 3973 1028 4036 etiarn
1049 3971 1219 4052 quibusque
1240 3972 1461 4052 Legationibus
1489 3973 1529 4037 ab
1552 3974 1662 4039 iisdem
1684 3975 1845 4040 adhibitus
1867 3974 1970 4039 fuerit.
2012 3976 2115 4056 litque
2136 3975 2323 4056 sicquidem

588 4098 669 4143 aurio
692 4094 815 4158 quoquc
837 4072 974 4137 MDXCl
994 4072 1131 4152 Legatos
1161 4090 1178 4134 e
1208 4072 1309 4135 Dania
1334 4073 1448 4153 redux,
1478 4092 1570 4155 quum
1597 4093 1630 4137 se
1662 4075 1729 4155 ejus
1758 4074 1906 4155 temporis
1926 4074 2091 4155 Theologis
2120 4075 2158 4138 ob
2188 4076 2322 4156 purioris

588 4178 749 4259 religionis
766 4174 901 4239 studium
925 4173 1149 4254 praecaeteris
1165 4191 1291 4235 exosum
1312 4173 1502 4253 intelligeret
1524 4180 1555 4237 ot
1574 4174 1729 4239 libertatis
1745 4175 1975 4239 amantissimus
1997 4176 2215 4239 conscientiam
2236 4193 2324 4238 suam

587 4279 701 4357 illigari
734 4294 793 4339 uon
827 4280 1005 4353 pateretur,
1045 4272 1223 4335 dimissione
1256 4272 1296 4335 ab
1331 4273 1463 4337 llassiae
1490 4273 1684 4355 Principibus
1724 4275 1890 4355 impetrata
1929 4281 1960 4338 et
1995 4275 2112 4339 Senatu
2140 4274 2323 4338 Academico

588 4377 694 4442 Xl'lll
712 4374 789 4454 biaji
809 4373 912 4435 valere
930 4372 1055 4453 jusso⁴l
1078 4371 1312 4436 Francolurtunr
1336 4373 1377 4436 ad
1400 4373 1545 4438 Moenum
1569 4375 1734 4451 concessit,
1770 4377 1805 4436 ut
1833 4374 1994 4453 impositas
2023 4374 2081 4437 sibi
2107 4374 2169 4437 illic
2190 4375 2326 4453 supremi

588 4475 713 4558 Syndici
734 4474 799 4536 sive
822 4472 971 4535 Advocati
992 4476 1100 4552 partes
1123 4473 1299 4535 sustineret.
1345 4472 1510 4538 Caeterum
1530 4492 1599 4537 curn
1621 4473 1665 4537 ibi
1683 4473 1879 4537 substitisset
1893 4474 2061 4537 triennium
2081 4479 2114 4537 et
2130 4492 2149 4535 a
2164 4473 2325 4536 literatiss.

587 4576 733 4656 Principe
752 4572 901 4636 Mauritio
922 4572 954 4634 in
977 4570 1121 4635 Hassiam
1143 4578 1362 4652 revocaretur,
1394 4579 1430 4636 ut
1460 4573 1561 4637 isthac
1591 4575 1622 4636 in
1644 4571 1716 4636 aula
1737 4573 1905 4636 consiliarii
1927 4573 2086 4637 insisteret
2106 4588 2233 4651 munna,
2266 4573 2326 4636 etsi

587 4678 669 4742 aliae
687 4673 881 4739 conditiones
902 4670 1077 4735 luculentae
1097 4676 1130 4733 et
1149 4670 1299 4734 honestae
1319 4678 1387 4736 tum
1409 4674 1441 4736 in
1461 4674 1560 4737 veteri
1581 4671 1853 4751 lleidelbergcusi,
1876 4678 1941 4735 tum
1963 4673 1993 4734 iu
2017 4690 2098 4734 nora
2119 4671 2221 4751 dulia,
2243 4690 2326 4751 quae

588 4774 775 4841 Helmstadii
797 4780 853 4851 cst,
876 4790 937 4852 quo
950 4770 991 4833 ad
1006 4770 1185 4850 primariam
1200 4770 1279 4851 juris
1301 4771 1523 4851 professionem
1545 4770 1771 4851 accersebatur,
1793 4771 1899 4835 deesse
1919 4790 1979 4835 uon
2002 4778 2147 4851 possent,
2170 4771 2325 4834 Cassellas

588 4886 693 4940 tamen
713 4875 807 4938 reluti
830 4872 963 4952 patriam
987 4870 1017 4933 iu
1038 4870 1169 4933 alteram
1190 4888 1329 4935 remeare
1350 4871 1476 4951 maluit,
1503 4873 1689 4952 pracsertim
1712 4890 1808 4952 quurn
1828 4872 1894 4951 ejus
1917 4870 2074 4934 Celsitudo
2096 4871 2325 4951 praecaeteris

588 4972 1021 5040 consiliariisimmunitatem
1051 4969 1189 5033 dedisset
1220 4970 1330 5033 cidem.
1386 4971 1437 5035 Sic
1468 4972 1573 5051 itaque
1600 4990 1700 5036 annos
1722 4972 1824 5035 XXVI
1852 4971 1883 5033 iu
1918 4970 1975 5032 hac
2007 4976 2116 5048 sparta
2143 4968 2324 5033 adornanda

588 5075 777 5152 elaborarit,
808 5083 843 5135 ut
865 5071 931 5151 ejus
953 5070 985 5133 in
1005 5070 1137 5148 negotiis
1159 5069 1248 5132 labor
1274 5069 1464 5149 indefessus,
1491 5072 1521 5134 in
1550 5072 1671 5152 agendo
1695 5071 1863 5151 singularis
1886 5070 2053 5149 industria,
2086 5071 2116 5132 in
2139 5068 2324 5133 corrhciendo

689 5243 716 5308 l)
733 5242 823 5307 huogo
843 5240 949 5294 Sixfiui

686 5326 1829 5394 thmmmmmmhmrfflwwfflmmmmdxvmommfflt

689 5412 1933 5482 &MmhlfflrmfflmhmmMmmfflmffimmfflmwmmt

686 5498 1554 5567 MWMMmmmdmewmmhmmmd
