5534 6984
1080 1033 1270 1100 lohannes
1304 1033 1516 1100 hloltherns

1248 1161 1352 1218 Senior.

552 1333 656 1399 Natus
685 1335 734 1397 est
759 1331 793 1396 in
813 1329 947 1394 Hassiae
974 1326 1088 1410 oppido
1116 1327 1309 1412 Batteberga
1337 1327 1380 1394 ad
1408 1327 1588 1410 Ederam¹)
1616 1326 1681 1393 sito
1709 1326 1779 1409 ipsa
1807 1327 1983 1394 Palmarum
2009 1326 2173 1394 Dominica

429 1431 669 1514 annoEpochae
686 1435 814 1496 nostrae
827 1427 974 1494 MDLXI.
1015 1427 1043 1492 A
1066 1431 1159 1510 patre
1180 1427 1373 1496 salutaribus
1394 1428 1474 1494 bene
1493 1425 1617 1493 vivendi
1630 1427 1901 1509 praeceptionibus
1919 1427 1961 1492 ad
1981 1429 2174 1511 probitatem

428 1531 615 1599 informatus
642 1534 675 1596 et
697 1528 739 1594 ad
770 1527 933 1592 literarum
963 1525 1068 1592 studia
1096 1527 1282 1610 instigatus,
1313 1529 1371 1594 scd
1399 1527 1510 1594 eodem
1536 1527 1621 1592 intra
1649 1525 1712 1592 XII
1741 1526 1858 1591 aetatis
1887 1543 2003 1592 aunum
2032 1525 2172 1608 orbatus,

429 1635 542 1714 suopte
563 1634 649 1694 motu
677 1633 710 1694 ct
731 1626 836 1692 indole
856 1644 1062 1708 magnacum
1082 1627 1197 1708 Ingenii
1218 1627 1485 1709 promptitudine,
1512 1631 1564 1692 ast
1582 1623 1701 1691 difficili
1720 1625 1845 1690 interim
1865 1625 1993 1691 tramite
2011 1625 2119 1691 eadem
2138 1625 2172 1690 in

429 1729 560 1796 diversIs
579 1725 693 1794 senous
711 1730 923 1808 prosequutus
945 1729 1004 1791 est.
1047 1725 1154 1791 Annos
1164 1727 1239 1792 iude
1251 1731 1343 1792 uatus
1360 1727 1439 1792 XIX
1457 1725 1499 1792 ad
1512 1726 1608 1808 patrii
1623 1725 1688 1791 ludi
1703 1725 1951 1790 moderationem
1963 1742 1982 1788 e
1995 1724 2173 1790 studiorum

430 1846 523 1894 cursu
559 1825 620 1892 fuit
652 1825 823 1890 accersitus
859 1841 991 1906 eamque
1026 1823 1214 1890 functionem
1247 1825 1380 1908 primam
1408 1825 1477 1909 ipso
1503 1825 1683 1890 Palmnrum
1712 1823 1763 1889 die
1796 1840 1879 1888 anno
1906 1821 2056 1888 MDXXC
2083 1823 2172 1890 adiit.

430 1926 535 2006 Quum
561 1942 635 1990 vero
668 1927 744 2006 post
770 1921 928 1988 mundium
949 1923 1133 2006 taederet¹)
1161 1923 1311 2006 ejusmodi
1338 1926 1517 1992 studlorum
1537 1923 1765 2005 impedimenti,
1787 1927 1901 2005 sponte
1919 1923 2112 2004 resignavit,
2140 1925 2174 1988 et

430 2023 572 2110 quamvis
593 2021 680 2088 aliud
700 2022 805 2088 anirno
831 2021 982 2104 agitaret,
1011 2021 1108 2088 ilhcet
1133 2039 1232 2090 suasu
1260 2024 1407 2090 avunculi
1427 2024 1557 2106 Georgii
1577 2022 1700 2104 Nigrini
1719 2021 1900 2090 Echnellaui
1919 2021 2120 2090 Ecclesiastis
2140 2026 2175 2088 et

429 2121 724 2208 Superintendcui'u
745 2121 964 2204 Gruubergam
985 2121 1159 2188 Hessorum
1185 2121 1226 2188 ad
1246 2123 1395 2206 oppidani
1414 2123 1483 2190 ludi
1502 2122 1760 2205 gubernationem
1781 2119 1905 2188 retraid
1923 2139 1959 2188 ac
1979 2137 2092 2204 passus
2112 2125 2174 2188 eat

428 2223 467 2292 In
489 2240 551 2306 quo
572 2221 701 2305 pulvere
721 2220 906 2288 scholastico
928 2225 1096 2304 postquam
1118 2221 1228 2288 Itidem
1249 2239 1306 2304 per
1324 2241 1443 2288 annum
1462 2228 1498 2288 et
1516 2222 1681 2304 aliquanto
1695 2222 1828 2304 amplius
1842 2221 2000 2295 sudasset.
2020 2221 2175 2302 simulque

428 2323 468 2390 ob
495 2320 698 2388 eruditimcm
727 2321 848 2403 pariter
876 2319 1020 2402 damae
1046 2321 1258 2388 innocentiam
1282 2327 1317 2388 et
1344 2321 1490 2388 erinium
1516 2321 1722 2388 eomionandi
1749 2321 1866 2388 donum
1896 2321 2050 2402 paulatim
2072 2320 2175 2402 magis

428 2421 592 2506 magisque
612 2419 839 2502 innotesceret,
868 2421 1032 2486 vocatione
1054 2427 1088 2486 ct
1103 2421 1195 2504 jussu
1216 2420 1369 2488 Ludovici
1391 2420 1528 2487 Senioris
1548 2420 1703 2502 Principis
1724 2420 1766 2486 ad
1794 2420 1935 2500 cientem
1955 2419 2062 2502 oppidi
2084 2419 2175 2486 miui·

428 2521 560 2588 sterium
580 2519 821 2586 ecclesiastcam
842 2525 1009 2600 provectus
1030 2525 1089 2600 esi,
1108 2526 1141 2585 ct
1164 2519 1206 2586 ad
1226 2520 1426 2586 diaconatum
1447 2519 1574 2600 quidem
1594 2537 1677 2585 anuo
1696 2519 1904 2599 MDXXGIII,
1922 2519 1965 2584 ad
1982 2519 2174 2601 superiorem

429 2625 536 2688 autem
562 2619 664 2686 locruu
691 2637 773 2684 anno
799 2619 985 2685 DXXCVII.
1041 2619 1168 2686 Interea
1197 2619 1346 2701 temporis
1376 2620 1509 2686 matous
1536 2619 1648 2684 studiis
1677 2619 1855 2684 Hebraeum
1883 2635 2008 2700 quoque
2033 2619 2175 2700 linguam

430 2718 564 2786 excoluit
592 2718 722 2784 ulterius
750 2735 851 2800 coque
881 2719 948 2800 eius
975 2717 1123 2784 notitiam
1150 2717 1316 2801 perduxit,
1354 2725 1393 2784 ut
1427 2736 1512 2784 anno
1539 2718 1704 2785 MDXCIV
1731 2719 1773 2784 ad
1807 2719 1939 2785 eandem
1965 2717 2175 2800 profitendam

429 2817 601 2886 accersitus
620 2818 654 2882 in
674 2817 931 2899 Marpurgensem
953 2819 1135 2900 migraverit
1152 2817 1362 2886 Academiam.
1404 2818 1623 2900 Quinquennio
1644 2835 1719 2884 vcro
1740 2818 1906 2900 hiarpurgi
1926 2824 2055 2900 emoto,
2080 2833 2176 2899 quum

429 2935 585 2984 summum
613 2917 801 2982 Academiae
836 2918 1057 2998 magistratum
1085 2919 1203 3000 obiret,
1231 2923 1347 3000 agnato
1373 2923 1407 2984 ct
1434 2917 1602 3000 discipulo,
1638 2917 1704 2982 vlro
1729 2935 1879 3000 perquam
1905 2918 2032 2984 erudito
2060 2921 2094 2982 et
2123 2915 2175 2998 pio

432 3017 475 3082 M.
495 3017 616 3084 Joanne
638 3015 773 3083 Schollio
792 3015 995 3099 professionis
1012 3017 1177 3084 Hebraeae
1198 3018 1450 3084 extraordinario
1469 3035 1647 3082 successore
1665 3016 1759 3097 facto,
1782 3017 1941 3082 Ecclesiae
1955 3015 2176 3097 Fridbergensi

432 3115 695 3182 Wctieraviorum
723 3133 812 3181 suam
841 3115 1133 3200 somatopoeian,
1169 3135 1251 3183 anuo
1280 3117 1433 3200 superiori
1443 3117 1474 3199 ³)
1500 3116 1650 3183 MDXCV
1677 3117 1815 3198 Augusti
1843 3117 1918 3183 XIV
1945 3116 1987 3182 ab
2013 3113 2178 3182 Arcolario

432 3215 487 3284 SS.
510 3215 697 3296 Theologiaa
723 3215 842 3282 Doctor
869 3221 1004 3282 creatas.
1053 3217 1276 3298 Pridebergam
1296 3216 1393 3298 igitur
1420 3217 1575 3284 concessit
1601 3233 1683 3282 auno
1710 3217 1843 3283 DXCIX
1870 3233 1980 3282 mensa
2007 3213 2176 3282 Novembri

432 3315 608 3396 ibidemque
629 3316 810 3380 sexennium
831 3313 992 3380 Ecclesiae
1012 3323 1170 3398 pastorem
1191 3317 1258 3398 egit
1278 3315 1504 3397 fidelissimum,
1527 3316 1625 3382 donec
1644 3316 1684 3381 ab
1705 3316 1842 3382 Hassiac
1861 3315 2006 3396 Principe
2025 3313 2178 3380 Mauritio

431 3431 514 3480 anno
538 3413 624 3480 DGV
652 3414 755 3480 denuo
784 3413 990 3498 Marpurgum
1017 3417 1151 3496 accitus,
1180 3415 1315 3484 arnolto
1341 3414 1526 3481 Pavochiam
1553 3415 1813 3498 Ihidbergensem
1835 3415 2009 3480 dimitteret
2029 3419 2062 3478 et
2089 3417 2175 3496 post·

431 3513 549 3580 limiqu
570 3530 677 3578 mense
698 3513 853 3594 Septemb.
882 3514 923 3579 ad
945 3513 1133 3580 ordinariam
1159 3533 1193 3580 se
1221 3515 1376 3597 reciperet
1402 3513 1625 3596 professionem
1656 3514 2047 3596 Theologico·iiebraeam,
2076 3518 2177 3593 atque

431 3631 515 3680 anno
543 3613 672 3694 iusuper
701 3613 845 3692 sequenti
866 3630 886 3676 a
908 3613 1049 3678 Dominis
1080 3613 1197 3678 ordinis
1227 3613 1392 3679 Teutonici
1417 3613 1558 3678 Ecclesia
1588 3613 1630 3677 ad
1654 3613 1694 3679 D.
1715 3613 1929 3678 Elisabetham
1957 3629 2050 3677 curae
2078 3611 2177 3692 ipsius

432 3713 687 3778 committeretur.
739 3711 815 3778 Cum
844 3729 918 3777 vero
942 3729 1161 3779 aerumnosum
1188 3711 1280 3795 huJus
1307 3713 1395 3778 vitae
1422 3731 1546 3778 cursum
1565 3711 1770 3794 absolvisset,
1796 3712 1846 3776 vir
1864 3713 1975 3793 utique
1995 3710 2177 3776 rarissimae

432 3811 628 3893 eruditionis,
650 3811 683 3876 in
699 3812 863 3892 omnigena
876 3811 1042 3877 literatura
1052 3823 1208 3894 versatus,
1228 3811 1435 3894 humanitate,
1453 3811 1588 3878 candore
1602 3816 1637 3877 et
1651 3813 1837 3894 integritate
1850 3812 2011 3892 singulari,
2033 3809 2178 3875 laborum

431 3911 465 3976 in
486 3911 601 3978 studiis
623 3909 766 3976 obeunda
785 3909 945 3977 functione
965 3911 1220 3994 patientissimus,
1241 3911 1314 3976 inde
1336 3929 1376 3976 ue
1396 3911 1430 3976 in
1452 3910 1584 3976 adversa
1608 3911 1733 3994 quidem
1753 3911 1935 3976 valetudine
1953 3911 2119 3990 desistens,
2140 3913 2176 3974 et

431 4015 502 4076 octo
531 4009 689 4092 legitimas
716 4011 937 4092 vocatIoues⁴l
963 4029 1118 4078 annorum
1148 4011 1312 4078 XXXVIII
1339 4011 1445 4092 spacio
1479 4011 1587 4076 utilem
1620 4027 1659 4076 ac
1686 4009 1811 4076 fidelem
1839 4028 1969 4092 operam
1998 4007 2113 4074 scholis
2142 4010 2177 4072 et

432 4107 592 4176 Ecclesiae
614 4109 730 4176 Christi
758 4113 921 4191 navasset,
949 4107 1071 4176 duabus
1093 4109 1212 4176 vicibus
1235 4128 1292 4192 per
1317 4127 1415 4174 annos
1435 4109 1527 4176 XVII
1548 4108 1751 4190 Theologiam
1775 4115 1809 4174 et
1828 4109 1993 4174 Hebraeas
2012 4107 2121 4174 literas
2142 4106 2177 4172 in

433 4207 601 4276 Academia
619 4207 837 4292 Marpurgeusi
865 4207 1040 4292 professus,
1069 4209 1181 4292 positis
1210 4209 1328 4276 terreni
1356 4209 1496 4292 corporis
1524 4209 1643 4274 exuviis
1665 4209 1718 4292 pie
1737 4209 1920 4292 placideque
1943 4207 2089 4290 spiritum
2109 4205 2177 4272 Deo

434 4307 571 4374 reddidit
599 4327 682 4375 anuo
704 4307 902 4376 MDCXVIII
932 4309 983 4376 die
1011 4309 1119 4376 Martii
1140 4307 1200 4378 XX
1228 4309 1342 4376 aetatis
1373 4326 1457 4374 anno
1477 4307 1566 4373 LVII
1586 4306 1685 4372 ferme
1711 4307 1873 4392 completo
1915 4307 2027 4372 EilIam
2048 4305 2177 4386 reliquit

434 4407 557 4474 unicam
585 4413 618 4474 et
647 4413 781 4490 quatuor
807 4407 906 4490 filios,
935 4409 1104 4474 iereminm
1125 4407 1300 4476 Poliatrum
1328 4412 1361 4474 et
1386 4407 1588 4474 &camaram
1614 4407 1731 4474 liberae
1759 4407 1900 4490 Reipubi.
1927 4405 2178 4488 Fridbergensis,

434 4503 606 4588 Georqum
639 4507 835 4572 Wetzllariac
869 4506 1042 4574 Poliatrum
1080 4507 1234 4574 Joanuem
1271 4505 1445 4574 Medidme
1480 4507 1647 4588 hlarpurgi
1680 4505 1894 4574 Professorem
1929 4512 1962 4572 et
1998 4505 2177 4572 iohannem

433 4605 610 4687 Philippum
637 4605 771 4670 Londini
798 4606 972 4686 Anglorum
997 4604 1186 4672 Medicinam
1209 4607 1424 4672 factitantem:
1462 4625 1595 4690 quorum
1631 4612 1699 4672 tres
1732 4608 1867 4689 primum
1895 4605 2113 4690 Philosophiae
2141 4607 2176 4670 et

433 4705 631 4787 postmodum
651 4703 824 4770 Medicinae
844 4707 997 4772 Doctores
1017 4707 1131 4789 creari,
1161 4711 1194 4772 et
1218 4713 1366 4788 quartum
1387 4705 1559 4772 Medicinae
1585 4705 1714 4772 licentIa
1734 4706 1882 4771 donatum
1904 4705 2014 4770 iisdem
2036 4703 2179 4784 vesdgiis

433 4803 559 4870 fortiter
579 4803 722 4870 insistere
742 4805 828 4886 vidit,
851 4805 917 4887 ipse
937 4823 1010 4872 vere
1022 4806 1052 4888 ⁵)
1069 4813 1204 4889 paterno
1225 4805 1397 4872 fidelissimi
1415 4805 1592 4871 educatoris
1613 4812 1646 4870 et
1665 4805 1888 4887 praeceptoris,
1909 4821 1973 4868 non
1994 4807 2119 4867 tannim
2141 4802 2177 4868 in

434 4904 552 4987 pietate
573 4909 607 4968 et
630 4903 860 4970 hrunaquribus
881 4905 991 4988 literis,
1010 4905 1067 4972 sed
1087 4905 1121 4972 in
1141 4907 1211 4990 Ipsa
1231 4922 1355 4990 quoque
1375 4909 1447 4972 arte
1461 4903 1594 4988 hicvlica,
1614 4906 1704 4988 cujus
1719 4909 1789 4970 erat
1806 4903 2026 4987 peritissImus,
2045 4918 2179 4967 munere

585 5165 677 5235 Imago
693 5166 833 5223 Mollheri.

581 5337 642 5394 Hoc
658 5338 768 5394 verbum
787 5355 804 5394 a
820 5339 875 5395 Dii.
894 5339 923 5394 in
940 5339 1064 5410 margine
1080 5339 1202 5396 additum
1219 5339 1311 5396 omisit
1327 5341 1423 5397 Tilena

588 5425 655 5480 Cum
671 5425 782 5480 verbum
800 5425 977 5496 desideratur,
997 5427 1091 5482 Tilem.
1111 5425 1215 5482 addidit
1233 5429 1376 5484 amoma.

587 5511 653 5568 Cod.
671 5527 734 5568 ocra
752 5527 768 5567 e
785 5527 849 5568 uero
867 5527 946 5583 corr,
964 5513 1060 5570 Tilena
1078 5529 1152 5570 carc
