5534 6984
899 1681 1230 1758 nnornssonns
1260 1681 1296 1758 e.
1324 1683 1360 1758 a.
1396 1683 1755 1778 rnnocosmnp.

1043 1861 1268 1927 Franciscus
1295 1861 1520 1929 humbertus
1547 1861 1609 1929 'l'h

578 2024 798 2090 Aninionensis
823 2023 933 2092 Gallus
963 2024 1014 2092 hic
1041 2030 1107 2107 est,
1135 2025 1184 2092 cui
1211 2042 1283 2092 cnm
1310 2031 1424 2092 renata
1447 2026 1582 2110 primum
1610 2027 1643 2093 in
1663 2025 1833 2094 Germania
1859 2023 2026 2107 Evangelii
2054 2025 2199 2092 doctrina

456 2123 597 2190 veritatis
624 2123 677 2190 lux
706 2121 895 2206 offidsisset,
923 2123 1115 2190 orthodoxae
1142 2123 1302 2206 religionis
1329 2125 1431 2206 magis
1456 2126 1619 2208 mag'sque
1644 2123 1875 2208 propagandae
1900 2123 2008 2191 studio
2031 2124 2197 2208 praecipue

455 2223 598 2289 incensus
618 2239 688 2288 sese
707 2223 881 2288 monastica
901 2223 985 2304 vita,
1006 2241 1099 2306 quam
1114 2223 1254 2305 juvenis,
1274 2227 1311 2289 ut
1332 2223 1365 2288 in
1387 2224 1455 2289 ocio
1477 2242 1550 2290 cum
1568 2223 1724 2306 digmtste
1745 2223 2009 2306 recompenset,
2037 2223 2198 2306 ingressus

453 2321 572 2401 luerat,
602 2319 775 2403 abdicarit,
802 2326 836 2387 et
855 2322 938 2387 inter
957 2322 1076 2403 primos
1095 2322 1128 2387 in
1147 2321 1263 2388 Hassis
1291 2320 1456 2402 Evangelii
1484 2321 1630 2388 doctores
1656 2327 1691 2388 et
1715 2321 1964 2404 Marpnrgcnses
1991 2320 2198 2403 professores,

454 2438 525 2487 cuni
544 2419 619 2486 lulii
642 2418 788 2486 Calendis
806 2417 886 2486 hacc
906 2423 1017 2486 nosne
1038 2420 1202 2486 academia
1214 2419 1247 2502 ²]
1267 2421 1454 2502 aperiretur,
1473 2421 1575 2503 primo
1587 2420 1723 2487 Rectene
1740 2419 1862 2486 loanne
1876 2419 2024 2486 Ferrario
2036 2419 2199 2500 Montano,

455 2523 489 2584 et
502 2517 621 2584 additis
638 2517 737 2584 eidem
752 2517 881 2598 collegis
891 2517 1017 2584 Euricio
1033 2516 1144 2600 Cordo,
1159 2517 1339 2584 Hermanno
1353 2517 1498 2600 Barcino,
1519 2517 1637 2584 Thema
1647 2519 1777 2601 hogero,
1798 2515 1941 2585 Gnardo
1952 2516 2146 2599 Noviomago
2158 2517 2199 2598 ⁸),

453 2618 575 2685 loanne
587 2616 751 2698 Lonicero‚
774 2616 959 2684 Sebastiano
974 2617 1118 2700 Augusto
1139 2621 1172 2683 et
1184 2617 1364 2683 Reinbardo
1379 2617 1613 2700 Hadamario⁴)
1636 2616 1761 2700 publice
1781 2614 1913 2683 docendi
1925 2632 2039 2682 mnnns
2048 2615 2198 2698 suscepit

455 2713 607 2782 Vicesimo
627 2707 750 2798 quoqne
769 2715 870 2799 primo
888 2713 1034 2782 Octobris
1055 2715 1195 2798 ejusdem
1206 2716 1235 2799 ⁸)
1256 2715 1331 2780 anni
1351 2714 1521 2782 mnxxvi
1539 2712 1581 2781 ad
1602 2714 1771 2798 synodum,
1791 2731 1886 2796 qnam
1905 2713 2024 2780 decreti
2043 2713 2199 2798 Spirensis

454 2830 573 2880 memor
583 2812 746 2896 Philippus
766 2813 860 2880 heros
880 2814 1071 2897 instituerat,
1092 2813 1251 2898 proiectus
1273 2813 1389 2882 ounx
1406 2813 1567 2898 paradoxa
1587 2813 1759 2881 secundnm
1777 2812 1909 2880 verbnm
1923 2813 1983 2879 Dei
2001 2811 2200 2880 memmenni

454 2913 618 2995 proposuit
645 2929 811 2994 eorumque
839 2913 1004 2978 veritatem
1033 2913 1147 2980 Latino
1176 2913 1312 2980 asseruit
1336 2931 1481 2980 sermone
1511 2912 1553 2980 ab
1581 2912 1704 2980 anemo
1731 2910 1869 2980 &atone
1895 2910 2065 2978 uernacula
2091 2911 2199 2992 lingna

455 3011 616 3076 defensam
643 3015 739 3092 atque
766 3029 786 3076 a
806 3010 935 3078 Nicolao
965 3011 1111 3078 Hcrborn
1136 3011 1331 3089 Minorite·)
1360 3029 1526 3095 perperam
1551 3011 1779 3094 impugnatam.
1828 3010 1918 3076 Inter
1944 3007 2078 3075 hominis
2098 3009 2199 3075 ann·

454 3109 612 3175 brationes
632 3113 744 3176 extent
761 3110 934 3176 etiamnum
950 3109 1187 3178 Conmentariis
1206 3113 1243 3176 iii
1264 3112 1431 3180 doudecim
1443 3111 1626 3194 Prophetae
1641 3110 1790 3177 Minores
1805 3115 1837 3177 et
1846 3109 2061 3194 Eccrgeliem
2073 3107 2198 3174 Meae:

454 3225 512 3273 nec
532 3225 593 3273 non
613 3207 647 3273 in
663 3207 831 3276 Canticum
848 3209 1066 3277 Geminorum:
1088 3209 1142 3277 De
1162 3210 1299 3278 arbitrio
1318 3211 1458 3278 homenis
1478 3212 1618 3294 captivo:
1638 3209 1692 3276 De
1712 3227 1806 3276 suero
1824 3215 1856 3276 et
1866 3207 1964 3291 fideli·
1985 3207 2132 3292 conjugio
2153 3205 2199 3272 ed

453 3306 655 3373 Francorum
675 3307 807 3392 Reperru:
829 3308 980 3394 Farrago
1000 3331 1108 3376 reram
1131 3309 1408 3395 ilicolepicerrim:
1428 3310 1573 3395 Repoloe
1594 3308 1848 3375 Minoritunrm:
1875 3306 1929 3374 De
1949 3305 2079 3391 Beseda
2097 3304 2198 3372 Hora·

455 3406 549 3490 berei
566 3406 744 3473 Hessoruim
759 3427 824 3490 pro
843 3407 1072 3491 reformatione
1092 3409 1314 3476 Ecclesioram
1333 3409 1463 3490 tabem
1492 3413 1526 3474 et
1552 3407 1689 3490 deniqne
1708 3405 1896 3474 Hister-iola
1920 3405 2075 3490 suppleo
2101 3406 2197 3488 ignem

454 3525 515 3588 quo
535 3505 625 3588 apud
641 3505 804 3573 Meleases
825 3509 958 3592 effectas
970 3508 1045 3591 suit
1062 3508 1207 3576 Joeaoea
1230 3508 1444 3575 castellarius.
1491 3506 1581 3572 Fatis
1603 3505 1756 3572 concessit
1777 3503 1969 3572 minueres
1995 3521 2081 3570 anno
2102 3519 2198 3570 aerae

454 3603 651 3670 Christianae
671 3603 825 3670 MDXXX
846 3605 964 3688 Aprilis
986 3607 1037 3672 die
1057 3605 1149 3672 XIIX
1175 3605 1207 3672 in
1228 3605 1365 3674 statione
1386 3621 1445 3670 aua
1464 3603 1630 3686 Marpungi
1658 3609 1692 3670 et
1718 3601 1762 3668 ad
1782 3601 1821 3668 n.
1844 3600 2028 3668 llicbnelem
2047 3601 2197 3668 humatus

453 3707 518 3768 est:
542 3701 592 3766 cui
612 3701 680 3768 lac.
705 3701 841 3784 Thysins
863 3703 912 3770 his
933 3704 1074 3771 versibus
1095 3705 1275 3787 perentaiit

883 3803 1020 3858 Aoirri'oae
1039 3807 1118 3858 sotice
1134 3803 1330 3858 monachorum
1346 3815 1382 3856 cm
1399 3799 1497 3857 ordine
1508 3799 1635 3871 from

918 3887 1083 3944 maneae
1100 3903 1211 3944 cameos
1228 3885 1396 3957 Pontificem
1408 3885 1523 3956 serien

884 3972 1050 4030 Romulidas
1067 3973 1182 4030 ment
1199 3975 1321 4030 Lernen
1336 3976 1464 4041 motoque
1480 3969 1588 4027 maeno

918 4059 1047 4115 Aesona
1060 4075 1154 4114 emis
1167 4065 1280 4130 pectere
1297 4063 1324 4116 et
1341 4073 1389 4114 ors
1399 4055 1496 4127 fida.

885 4143 937 4210 Ite,
954 4145 1005 4211 eit,
1023 4159 1040 4200 c
1057 4143 1219 4201 molerem
1235 4145 1332 4202 colion
1349 4143 1478 4209 merie
1495 4141 1636 4207 barastro,

921 4229 982 4299 goe
1000 4245 1050 4286 eos
1063 4231 1234 4302 praecipites
1255 4229 1385 4308 &beai
1402 4234 1463 4284 oter
1481 4227 1559 4298 epit:

883 4315 926 4372 Et
942 4315 1026 4370 emal
1042 4315 1158 4372 latmia
1170 4315 1292 4386 fimum,
1309 4321 1360 4372 lue
1377 4328 1462 4370 wore
1474 4311 1623 4384 professore

918 4399 1022 4472 Magne
1039 4401 1173 4472 Philippa
1191 4401 1306 4458 &boine
1325 4399 1436 4456 Martio
1448 4397 1475 4467 ')
1495 4402 1566 4454 uode
1579 4393 1659 4467 petit

559 4602 587 4670 l)
605 4601 685 4656 Vitas
702 4597 893 4668 theologorum
910 4597 1080 4655 Dilichianas
1093 4599 1146 4657 etii
1157 4597 1204 4656 Jo.
1218 4599 1393 4656 illesam
1405 4596 1522 4656 inseruit
1533 4595 1612 4668 libro,
1632 4609 1713 4668 quani
1724 4593 1759 4651 de
1771 4592 1835 4652 ritis
1843 4562 2028 4666 professorum
2039 4591 2195 4662 theologiae

454 4683 689 4755 blarbnrgeniium
706 4699 730 4742 a
740 4683 949 4740 mccxxiii
968 4682 1055 4741 edidit
1072 4685 1110 4756 (v.
1127 4685 1214 4754 praet.
1232 4683 1360 4742 editionis
1377 4683 1510 4753 norbae),
1526 4687 1618 4738 umen
1635 4681 1689 4738 hoc
1706 4679 1769 4738 loco
1786 4694 1842 4738 non
1859 4681 2013 4739 eeniniinns
2032 4675 2195 4736 omittendis

455 4785 524 4840 eise,
542 4779 573 4828 ut
590 4771 695 4842 integer
713 4775 833 4870 exseret
849 4769 963 4828 Dilichii
980 4768 1052 4826 liber
1066 4785 1172 4827 summa
1189 4787 1243 4842 que
1263 4771 1323 4828 deii
1341 4776 1437 4842 posset
1453 4769 1597 4840 diligentie
1613 4767 1774 4838 daciiptne

555 4859 584 5008 3
599 4855 835 5040 {affirma
851 4939 1002 4996 Quidum
1019 4940 1251 4998 Goldenhsnrinm
1275 4941 1348 5000 inter
1370 4941 1474 5012 primii
1490 4939 1661 5012 prolueris
1676 4938 1776 5010 reiut,
1793 4939 1842 5008 gni
1858 4937 1967 5011 danim
1985 4950 2011 4994 ι
2029 4931 2194 4990 ΠΒΧΧΧΠ

454 5025 594 5180 marg
605 5023 757 5178 effi}
774 5109 934 5166 liourenum
951 5113 979 5164 et
995 5108 1180 5166 Reinhaidum
1200 5109 1356 5166 Loricbinm
1374 5109 1447 5166 diclt

555 5199 584 5262 ὁ)
601 5194 775 5264 Negliganter
791 5195 845 5252 boc
863 5195 973 5266 scripsit
990 5195 1059 5264 bil,
1086 5211 1147 5252 cnm
1168 5194 1310 5254 mnemia
1327 5195 1480 5266 apertaeit
1496 5210 1522 5252 a.
1538 5193 1703 5256 unxxvu
1725 5201 1790 5264 port
1810 5193 1943 5264 modam
1960 5193 2193 5265 Hombergeniem

454 5297 525 5339 anno
543 5281 683 5350 mperiore
698 5279 825 5336 habitam

557 5367 587 5434 6)
605 5367 665 5422 Hoc
681 5365 743 5423 loco
758 5365 876 5435 spatium
893 5365 973 5422 inme
991 5369 1081 5421 emtet
1097 5364 1207 5434 imagini
1226 5365 1420 5436 exprimendae
1436 5364 1621 5422 comitivam.

557 5453 587 5520 7)
604 5451 716 5508 Scilicet
731 5449 872 5521 llarpnrgi
886 5465 984 5508 nomen
1001 5467 1019 5509 e
1036 5449 1127 5507 Marte
1145 5449 1228 5506 ducit

1984 5549 2030 5617 3.
