5534 6984
2106 861 2149 932 13

417 1075 618 1143 nequaquam
639 1053 889 1123 transferebatur
909 1071 994 1136 usus,
1014 1053 1072 1120 sed
1096 1053 1256 1136 abrogatis
1275 1057 1400 1120 autum
1412 1053 1520 1121 Missis
1537 1053 1632 1137 idque
1650 1068 1750 1135 genos
1768 1052 1840 1120 abis
1860 1051 2026 1136 pontificiis
2039 1051 2152 1120 ritibus

415 1163 448 1226 iu
469 1159 571 1241 magis
593 1158 661 1242 pios
685 1155 929 1224 convertebatur
950 1158 1048 1234 atquc
1068 1151 1180 1219 licitos.
1222 1153 1311 1233 Quod
1332 1171 1420 1236 opus,
1442 1171 1524 1235 quae
1543 1152 1748 1218 beneficentia
1760 1152 1883 1234 publice
1896 1151 2071 1234 utilissima,
2087 1169 2153 1218 non

415 1260 518 1326 minus
542 1255 713 1324 honorifica
734 1261 824 1322 teuto
845 1253 981 1336 Principi
1002 1253 1225 1334 existimanda,
1255 1271 1348 1336 quam
1374 1253 1515 1320 Adriano
1542 1251 1744 1336 Imperatori,
1770 1253 1855 1318 ulros
1883 1252 2022 1320 eruditos
2049 1256 2083 1317 et
2112 1250 2154 1318 ad

415 1359 589 1426 docendum
610 1363 700 1440 aptos
720 1355 855 1436 undique
874 1353 1096 1434 conquisivisse
1117 1359 1150 1418 et
1172 1353 1381 1420 bibliothecas
1408 1352 1596 1418 instruxisse
1615 1351 1770 1434 insignem
1798 1351 1842 1417 II.
1869 1353 2027 1418 Antonino
2048 1351 2154 1418 Philo

415 1458 514 1542 sopho
534 1458 687 1537 Augusto,
710 1453 880 1520 conductos
902 1469 1005 1518 auuua
1022 1453 1167 1518 mercede
1188 1453 1289 1518 omnis
1310 1453 1493 1535 disciplinae
1507 1453 1659 1518 Doctores
1678 1451 1810 1517 Athenis
1828 1451 2018 1534 iustItuisse3
2041 1451 2153 1518 carolo

415 1557 459 1624 M.
480 1555 678 1624 Academiam
697 1551 903 1618 parisiensem
923 1552 1046 1634 magnis
1065 1552 1241 1635 sumptibus
1261 1554 1450 1636 extruxisse,
1477 1558 1511 1618 et
1536 1553 1694 1618 Friderico
1716 1551 1902 1634 Imperatori
1923 1549 2155 1632 gloriosissimo,

416 1673 525 1724 omnes
544 1655 694 1720 bonarum
712 1652 876 1718 lIterarum
896 1651 1093 1734 professores
1113 1657 1146 1718 et
1165 1651 1321 1719 studiosos
1342 1655 1437 1718 certis
1463 1651 1584 1734 legIbus
1607 1653 1786 1718 munivisse.
1827 1649 1921 1716 cera
1940 1667 1978 1716 eo
1998 1651 2083 1716 facto
2104 1650 2155 1716 bic

416 1761 525 1822 noster
543 1753 702 1836 Philippus
722 1752 872 1832 majorem
892 1755 925 1818 et
947 1751 1176 1818 diuturniorem
1196 1752 1318 1834 peperit
1337 1752 1398 1819 sibi
1418 1751 1565 1836 gloriam,
1592 1769 1688 1834 quam
1715 1751 1815 1834 gestIs
1834 1749 2045 1833 coniectisque
2065 1750 2154 1818 bellis

419 1855 545 1920 cumino
564 1852 716 1918 omuibus.
760 1849 971 1934 caeteroquin
989 1851 1029 1916 de
1049 1851 1098 1917 bis
1119 1850 1245 1933 legatur
1266 1851 1362 1918 etIarn
1380 1852 1559 1919 Bernbmdi
1578 1851 1731 1918 hectorii
1752 1851 1951 1934 σχεδίασμα.
1971 1851 2003 1934 *)

891 2127 957 2202 DE
983 2127 1363 2204 IMMUNITATIBUS
1388 2127 1684 2204 Acamantida.

541 2305 659 2372 Verum
678 2309 797 2388 quanto
817 2305 939 2404 studio,
968 2313 1088 2388 quanta
1114 2325 1190 2374 cura
1210 2313 1242 2374 et
1263 2309 1359 2374 animi
1385 2309 1502 2376 ardore
1521 2307 1721 2374 Academiam
1741 2305 1822 2370 banc
1851 2321 1941 2370 suam
1959 2304 2157 2370 constituerit

418 2405 582 2490 Philippus
602 2406 710 2485 heros,
731 2408 884 2470 testatum
905 2405 984 2471 satIs
1005 2407 1090 2489 apud
1110 2425 1167 2473 nos
1185 2407 1366 2491 relinquunt
1386 2415 1457 2474 tum
1476 2407 1532 2474 illa
1556 2406 1719 2488 coenobia,
1740 2422 1874 2486 quumm
1894 2409 2064 2488 prouentus
2084 2402 2157 2469 buia

418 2506 540 2588 Lycaeo
562 2505 709 2572 attribuit
729 2503 1050 2589 magnificentissnne;
1073 2511 1139 2575 tum
1151 2507 1383 2590 Immeritates,
1404 2509 1506 2592 Lepas
1520 2507 1638 2574 scilicet
1658 2511 1693 2572 et
1700 2503 1879 2588 pricifepia
1896 2503 2031 2568 marimo
2052 2502 2156 2569 studio

419 2608 598 2690 optimoque
614 2607 687 2690 jnre
707 2605 828 2672 sancita
850 2609 946 2687 atque
966 2605 1101 2686 firmata,
1123 2625 1202 2689 quae
1224 2608 1265 2673 ad
1284 2605 1439 2674 honomm
1459 2607 1722 2691 ampIIssimorum
1734 2603 1843 2670 titulos
1865 2603 2101 2684 consequendos
2122 2609 2157 2668 et

418 2707 460 2774 ad
481 2707 580 2774 uimm
601 2707 634 2774 iu
650 2705 766 2772 studiis
788 2705 915 2772 suavius
936 2705 1126 2790 liberiusque
1147 2708 1382 2790 transigendam
1397 2707 1608 2790 pertinerent,
1629 2703 1736 2770 multis
1755 2704 1899 2786 precibus
1921 2700 2158 2786 sumptibusque

419 2827 440 2872 a
461 2807 573 2874 Carolo
593 2805 631 2873 V.
651 2805 843 2888 Imperatore
864 2809 915 2872 ter
934 2807 1069 2873 marimo
1090 2808 1276 2892 Impetrata,
1304 2807 1420 2890 qadbus
1439 2808 1467 2874 is
1486 2805 1581 2874 edicit
1598 2805 1681 2872 serio
1701 2803 1832 2870 eandem
1853 2801 1939 2868 illam
1958 2801 2160 2868 Academiam

420 2925 457 2974 eo
476 2907 510 2974 iu
529 2907 597 2973 loco
618 2910 652 2972 et
671 2905 775 2988 precio
796 2903 989 2988 habendam,
1019 2923 1080 2989 quo
1110 2907 1240 2990 quaevis
1266 2907 1330 2974 alia
1354 2908 1388 2974 in
1408 2907 1542 2990 Imperio
1561 2906 1712 2972 Romano.
1760 2903 1799 2970 Id
1823 2903 1937 2969 etenim
1964 2904 1998 2968 iu
2018 2901 2159 2968 confesso

421 3011 524 3073 estet
544 3011 702 3088 comperto
727 3003 845 3070 nubam
864 3003 1028 3072 homiuum
1049 3007 1231 3074 societatem
1252 3007 1427 3076 coalescere
1450 3012 1484 3074 et
1510 3007 1684 3089 perdurare
1702 3021 1796 3087 posse
1823 3003 1927 3070 miuus
1950 2999 2161 3084 tranquillam,

422 3123 479 3172 uec
507 3103 654 3172 liberales
683 3123 805 3188 quoque
832 3109 919 3170 artes
951 3107 1037 3188 ipsas
1065 3107 1108 3174 ad
1134 3125 1225 3175 rmum
1244 3107 1329 3176 vitae
1351 3107 1451 3190 tradi,
1482 3125 1539 3174 nec
1565 3105 1726 3172 hominum
1751 3103 1930 3170 uoluntates
1949 3102 1991 3168 ad
2009 3103 2161 3167 virtutem

423 3206 507 3272 flecti
526 3205 594 3274 sine
614 3204 724 3272 decore
746 3209 780 3270 et
801 3203 920 3288 ordine,
941 3205 995 3288 qui
1016 3225 1122 3274 rerum
1143 3209 1279 3274 omnium
1300 3213 1410 3292 caput,
1428 3223 1538 3290 posse,
1558 3207 1621 3272 nisi
1640 3204 1744 3288 legurm
1763 3221 1846 3270 nexu
1866 3203 2108 3286 compingantur
2128 3207 2162 3266 et

423 3305 608 3372 vinciantur.
651 3305 851 3387 Quapropter
870 3305 1028 3388 sapienter
1048 3305 1219 3374 admodum
1240 3307 1279 3374 ab
1300 3307 1391 3391 brqjus
1404 3305 1592 3374 Academiae
1611 3305 1790 3390 primordiis
1802 3323 1823 3370 a
1834 3303 1980 3386 Priucipe
1993 3301 2162 3369 fundatore

422 3405 592 3490 provisum,
611 3407 649 3470 ut
670 3421 733 3470 uou
754 3403 856 3470 sulum
869 3404 1037 3471 Academia
1056 3407 1182 3490 optimis
1204 3406 1325 3490 legibus
1345 3411 1431 3473 esset
1452 3408 1635 3489 constituta,
1656 3425 1764 3472 uerum
1783 3405 1856 3472 illae
1877 3404 2046 3486 quotannis
2066 3403 2164 3468 etiam

422 3508 456 3572 in
476 3503 600 3589 publeo
622 3507 717 3570 coetu
739 3503 925 3570 scholastico
946 3505 1162 3574 recitarentur.
1206 3507 1464 3590 Quandoquidem
1484 3507 1566 3574 enlm
1581 3506 1736 3589 Respubl:
1758 3505 1883 3572 omniuo
1897 3504 1998 3570 omnis
2014 3502 2163 3586 praemiis

423 3623 462 3673 ac
481 3603 592 3688 poenis
614 3601 713 3670 ueluti
734 3601 918 3668 arotIssimis
939 3604 1096 3670 societatis
1116 3604 1260 3688 pubbcae
1280 3605 1410 3672 uncum
1426 3606 1614 3686 continetur,
1634 3605 1740 3686 legum
1748 3603 1917 3669 munienda
1928 3602 1992 3668 fult
2004 3602 2163 3685 repagulis

423 3703 543 3786 eadem,
563 3707 600 3768 ut
620 3719 703 3784 quae
723 3700 807 3766 bona
826 3707 934 3768 esseut
953 3707 986 3768 et
1006 3701 1145 3770 salubria
1164 3705 1365 3788 ampIIssimis
1387 3705 1536 3772 decorata
1549 3705 1695 3789 praemiis
1715 3704 1883 3772 influerent
1901 3721 1940 3770 ac
1956 3701 2164 3770 dilaberentur

423 3804 456 3870 iu
476 3803 591 3870 civium
610 3801 730 3866 animos
750 3800 888 3883 suavIus,
910 3817 949 3865 ea
970 3819 1045 3866 vero
1065 3820 1147 3884 quae
1168 3803 1254 3870 mala
1274 3810 1371 3888 atque
1391 3806 1581 3888 peruloiosa,
1604 3805 1632 3872 si
1652 3823 1717 3871 non
1736 3804 1863 3870 drtutis
1882 3819 2004 3884 amore,
2024 3806 2059 3866 at
2079 3805 2165 3867 certe

424 3919 545 3986 poenae
565 3905 651 3967 metu
670 3899 810 3967 funditus
832 3899 981 3968 convulsa
1001 3901 1238 3970 eliminarentur
1258 3909 1353 3986 atque
1377 3903 1595 3972 evellerentur.
1643 3905 1781 3986 Ideoque
1801 3903 1851 3968 uti
1876 3902 1944 3968 siue
1968 3907 2073 3966 mente
2096 3916 2164 3966 eor-

426 4021 504 4086 pora
522 4005 643 4084 nostra,
662 4001 710 4066 ita
726 4017 827 4084 neque
847 4001 912 4068 suis
931 4000 1084 4084 partibus,
1106 4007 1258 4084 tauquam
1277 4003 1391 4086 neruis,
1409 4005 1562 4087 metune
1583 4009 1617 4072 ct
1636 4003 1794 4084 membris
1813 4001 1881 4068 siue
1901 4001 2038 4083 legenti
2058 4005 2166 4082 potest

425 4102 536 4168 antas
558 4105 592 4166 et
611 4099 753 4183 inprimis
773 4099 923 4183 Ilteraria‚
944 4105 1057 4184 utpote
1077 4103 1164 4186 cujuus
1184 4101 1348 4185 potissima
1367 4121 1443 4186 pars
1464 4105 1497 4170 in
1514 4105 1678 4188 iuuentute
1698 4103 1860 4184 consistat,
1881 4117 1962 4184 quae
1982 4099 2015 4165 in
2034 4097 2164 4166 enectus

425 4217 572 4283 magnam
588 4205 713 4284 partem
741 4198 841 4266 effusa
867 4203 963 4282 atque
984 4201 1238 4282 perturbationes
1260 4203 1355 4270 animi
1375 4205 1468 4288 quasi
1488 4203 1578 4270 neno
1597 4203 1720 4285 laxato,
1740 4219 1804 4286 qua
1823 4201 1910 4267 lubet
1928 4200 1978 4265 uel
1997 4217 2056 4282 per
2076 4197 2164 4264 naias

428 4301 560 4368 uetitum
580 4299 646 4367 ruit
666 4299 698 4366 in
720 4299 887 4382 perniciem
907 4317 998 4366 auam
1018 4301 1267 4368 eoudtatissime.
1309 4302 1463 4382 QuocIrca
1482 4303 1511 4370 si
1531 4301 1595 4368 ullo
1615 4302 1675 4368 hoc
1694 4307 1778 4368 certe
1792 4298 1917 4366 uinculo
1933 4297 2086 4380 illiganda
2105 4297 2167 4364 fuit

427 4399 596 4466 Academia
616 4403 650 4466 et
669 4397 886 4482 deuincienda,
906 4402 944 4465 ut
965 4399 1138 4468 certissima
1159 4401 1301 4468 omuibus
1321 4407 1406 4468 esset
1423 4403 1586 4484 securitas,
1607 4401 1832 4484 literarumque
1848 4397 1962 4482 studia,
1983 4415 2064 4480 quae
2082 4399 2166 4464 iuter

428 4513 536 4566 caecos
557 4517 663 4566 rerum
683 4505 787 4566 motus
809 4503 905 4580 atque
926 4499 1078 4566 tumultus
1096 4517 1161 4566 non
1180 4507 1319 4584 possent,
1339 4501 1372 4567 iu
1392 4501 1610 4568 liberalissimo
1635 4501 1702 4568 ocio
1724 4506 1821 4582 atque
1841 4499 1946 4582 quiete
1968 4503 2059 4564 tauto
2080 4497 2167 4564 efflo-

428 4603 588 4664 rescerent
609 4604 642 4664 et
663 4599 697 4664 in
715 4597 836 4666 fructus
861 4617 931 4665 sese
951 4599 1154 4666 suavssimos
1174 4599 1401 4684 profunderent
1419 4599 1526 4667 latius.

553 4697 652 4764 Porro
673 4717 743 4764 auur
776 4698 899 4780 legibus
927 4699 1062 4766 salmam
1089 4699 1186 4766 veluti
1212 4705 1309 4782 atque
1335 4700 1433 4766 robur
1457 4717 1478 4766 a
1504 4698 1758 4782 Magistratibus,
1786 4697 1846 4762 boe
1872 4701 1937 4779 est,
1968 4696 2080 4779 quibus
2111 4713 2168 4762 ceu

430 4795 591 4878 magistris
615 4815 691 4862 cura
717 4815 822 4864 rerum
850 4799 1018 4881 praecipua
1041 4799 1206 4884 incumbit,
1236 4799 1426 4883 reliqulsque
1453 4817 1522 4866 cum
1548 4799 1679 4881 imperio
1707 4803 1741 4864 et
1765 4801 1926 4880 potestate
1946 4794 2043 4861 veluti
2064 4794 2168 4876 legum

430 4895 567 4962 ministri
585 4899 679 4978 atque
697 4895 885 4980 interpretes
905 4905 1075 4982 praesunt,
1100 4899 1189 4966 indm
1209 4899 1426 4966 Indubitatum
1447 4900 1505 4980 sit,
1528 4897 1666 4981 Priucipi
1684 4897 1781 4962 etiam
1800 4895 1959 4964 fundaturi
1978 4893 2112 4977 placuit,
2131 4901 2169 4961 ut

431 4993 564 5078 singultu
592 4995 683 5060 aunis
711 5013 813 5063 novus
834 5003 995 5064 crearetur
1021 4999 1153 5082 Restm
1181 4999 1238 5082 qui
1266 5005 1361 5084 caput
1391 5004 1426 5064 et
1453 4999 1544 5081 quasi
1570 4998 1717 5082 princeps
1738 5001 1824 5062 esset
1842 4994 2030 5061 Academiae
2056 4999 2090 5060 et
2119 4995 2169 5061 cui

431 5097 583 5179 parerent
603 5111 720 5160 omues.
770 5096 871 5178 Hujus
898 5098 995 5178 igitur
1015 5097 1151 5164 officium
1180 5105 1229 5166 est
1250 5099 1366 5164 Albmn
1387 5115 1567 5181 meruere,
1591 5098 1646 5180 ius
1675 5095 1792 5178 dicere,
1818 5093 1982 5178 prisiIegIa
2011 5094 2112 5176 tueri„
2137 5100 2171 5160 et

433 5193 638 5262 scholasticos
658 5193 769 5278 culpae
795 5193 904 5263 affines
931 5197 1040 5280 poeuis
1067 5197 1201 5265 afficere.
1251 5195 1358 5281 Hunc,
1387 5197 1514 5280 quaudo
1542 5198 1575 5264 iu
1599 5195 1732 5280 publicis
1759 5194 1883 5262 actibus
1909 5193 2114 5278 progreditur
2137 5194 2171 5260 in

532 5395 561 5465 *)
578 5393 620 5452 Da
644 5393 809 5450 Bereiaros
832 5395 988 5464 staceario,
1010 5395 1162 5468 desbergae
1185 5413 1209 5454 a
1227 5397 1390 5454 MDLIIVII
1412 5401 1478 5452 nato
1498 5399 1527 5450 et
1548 5409 1573 5450 a
1595 5393 1742 5450 Mbcxvt
1764 5399 1870 5450 mortuo
1892 5392 2101 5460 Noriurbergae,
2125 5391 2172 5448 ubi

434 5493 545 5536 munere
562 5479 666 5551 syndici
684 5487 713 5536 et
729 5479 927 5538 bibliothecarii
944 5481 1052 5540 tmerm
1069 5491 1135 5554 erat,
1153 5499 1242 5554 pauca
1262 5485 1346 5540 refert
1363 5480 1486 5540 mama
1501 5480 1533 5537 Τ.
1548 5481 1595 5552 III,
1610 5497 1638 5552 p.
1658 5483 1716 5554 lbi,
1733 5482 1816 5552 plura
1834 5497 1889 5550 quo
1906 5481 1931 5536 is
1948 5493 2014 5536 usus
2033 5485 2077 5534 est
2093 5485 2173 5550 testa,

435 5564 705 5723 ZialnlnNffiffl
723 5567 789 5623 Lea
807 5565 857 5640 111,
876 5583 902 5638 p.
915 5569 965 5624 abt
979 5581 1036 5640 sqq.
1064 5569 1280 5643 Scledtesnartq
1300 5568 1373 5641 quod
1390 5568 1424 5624 Ι).
1441 5565 1542 5640 budat
1559 5582 1649 5640 aeque
1666 5567 1701 5628 ab
1721 5583 1755 5626 eo
1770 5583 1860 5637 neque
1877 5567 1914 5624 ab
1929 5565 1991 5624 aliia
2009 5563 2173 5621 mentionem

1978 5733 2026 5802 2*
