5534 6984
1064 981 1297 1051 Reinhardus
1319 981 1517 1051 Loriahius

1198 1086 1387 1145 1155555155

522 1208 583 1275 Η15
609 1226 678 1273 cum
704 1225 725 1273 a
751 1207 860 1291 primis
885 1204 1069 1273 Academiae
1103 1204 1296 1289 temporibus
1326 1206 1519 1275 voluntatem
1551 1208 1751 1290 studiumque
1779 1224 1869 1273 suum
1896 1206 1939 1273 ad
1965 1206 2162 1289 Paedagogei

423 1308 639 1376 transtulisset
666 1307 821 1389 regimen,
857 1304 1056 1389 postmodum
1082 1305 1217 1372 oratoris
1247 1322 1417 1389 aggressus
1451 1324 1563 1375 munus
1596 1306 1781 1389 composite,
1823 1312 1934 1373 ornate
1969 1312 2002 1373 et
2036 1308 2162 1391 copiose

418 1410 619 1492 juventutem
639 1406 741 1491 eloqui
763 1404 868 1471 docuit
887 1421 949 1469 non
971 1403 1039 1469 sine
1059 1404 1169 1487 genio,
1193 1404 1242 1471 sir
1262 1422 1339 1473 sane
1359 1407 1393 1473 in
1415 1406 1553 1473 docendo
1575 1406 1745 1473 acemimus
1775 1409 1809 1469 et
1830 1404 2077 1489 copiosissimus,
2107 1407 2162 1491 qui

423 1526 471 1591 es,
493 1508 532 1574 de
552 1506 663 1591 quibus
683 1506 737 1573 alii
757 1504 844 1571 15551
865 1503 1003 1585 quodam
1016 1509 1049 1569 et
1065 1504 1178 1587 exiguo
1198 1522 1340 1573 sermone
1361 1506 1535 1589 disputant,
1555 1504 1638 1571 omni
1654 1522 1723 1571 cum
1740 1504 1896 1585 gravitate
1916 1508 1949 1571 et
1966 1506 2163 1589 jucunditate

424 1606 602 1690 explicaret.
644 1605 781 1687 ideoque
801 1602 928 1687 exejus
949 1604 1041 1685 quasi
1061 1603 1135 1670 ludo
1157 1608 1191 1671 et
1211 1604 1337 1672 dicendi
1357 1604 1481 1673 officina
1501 1606 1594 1672 multi
1614 1604 1775 1689 prodiere,
1796 1604 1849 1687 qui
1869 1608 1980 1689 postea
1997 1606 2105 1675 rivulis
2124 1625 2162 1673 cx

424 1706 507 1773 illim
536 1704 733 1789 eloquentiae
759 1700 930 1784 tlumine1)
967 1702 1109 1770 deductis
1141 1703 1285 1771 hortulos
1318 1722 1393 1771 suos
1426 1706 1608 1789 irrigarunt.
1666 1704 1732 1771 Nec
1762 1704 1927 1787 honorum,
1963 1706 2016 1789 qui
2041 1724 2080 1773 ex
2106 1706 2162 1771 ad-

423 1806 650 1874 ministratione
669 1802 794 1887 puhlica
813 1806 987 1885 exurgunt,
1006 1800 1067 1869 fuit
1084 1821 1184 1870 exors.
1225 1803 1308 1869 Nam
1326 1804 1446 1873 Decani
1467 1804 1611 1889 equidem
1633 1823 1745 1871 munias
1766 1808 1895 1891 quater,
1916 1823 2069 1873 summum
2089 1823 2163 1873 vero

423 1906 457 1973 in
478 1904 645 1972 Academia
666 1904 884 1985 magisuatum
904 1901 954 1968 bis
975 1902 1178 1988 sustinuit2).
1219 1902 1353 1987 Reliqua
1372 1922 1393 1970 e
1413 1904 1530 1987 Nigidii
1550 1904 1616 1988 peti
1637 1910 1770 1989 possunt
1791 1903 1979 1973 testimonio.

904 2002 1024 2072 Eprepie
1040 2000 1150 2070 555155,
1167 2002 1327 2073 Rtetorgue
1346 2004 1541 2060 Hadamarius
1558 2004 1624 2061 olirn

937 2088 1046 2142 Extitit
1062 2088 1107 2145 liic
1124 2088 1221 2161 inpens
1237 2088 1327 2145 lumen
1342 2089 1484 2161 honorque
1502 2090 1618 2147 55155155.

905 2174 1069 2231 mmmm
1086 2174 1181 2230 (155511
1196 2176 1288 2231 515551
1306 2176 1390 2231 wude
1404 2176 1559 2247 professor,

792 2254 797 2264 “
938 2259 1034 2330 Ipsius
1048 2266 1082 2316 ut
1096 2262 1176 2317 toties
1193 2260 1270 2316 edita
1287 2262 1396 2332 scripta
1407 2262 1536 2333 probant.

905 2344 1067 2401 Innumeros
1080 2346 1162 2416 fredit
1179 2363 1273 2403 austes
1288 2347 1446 2418 praediuite
1465 2363 1542 2415 uena,

941 2432 1018 2503 Quae
1029 2432 1119 2501 finxit
1134 2432 1252 2503 cornu
1271 2433 1367 2491 (155155
1386 2441 1413 2490 et
1429 2434 1489 2505 ipsc
1506 2434 1587 2505 stylo.

905 2519 972 2574 Non
985 2518 1106 2587 referum
1123 2520 1168 2575 hic
1184 2520 1259 2575 alias
1276 2520 1368 2587 dotes,
1392 2520 1490 2589 quiores
1504 2520 1552 2575 alle
1569 2520 1681 2587 nitebat,

939 2605 1054 2675 Inpenio
1069 2611 1237 2678 praestans,
1251 2613 1364 2677 pectore
1375 2604 1455 2676 fielnes
1470 2608 1559 2662 loma.

905 2690 963 2745 Hic
979 2706 1071 2747 onnes
1088 2692 1196 2747 Rtetor
1214 2692 1385 2748 neumandi
1404 2692 1532 2748 5555111511
1550 2698 1618 2759 arte,

940 2776 1080 2833 Doctrina
1097 2778 1204 2848 elenu,
1225 2780 1347 2837 nonius
1364 2786 1447 2851 atque
1463 2780 1548 2837 15515.

905 2862 1057 2919 Postmodo
1074 2862 1164 2920 divini
1181 2864 1338 2937 sparpendo
1355 2866 1460 2923 sanine
1476 2864 1559 2931 aubi,

938 2948 1068 3005 Externa
1086 2957 1127 3006 est
1139 2950 1238 3019 faenus
1251 2968 1355 3023 praem
1367 2952 1463 3022 fideles
1479 2954 1562 3009 turno
1572 2954 1605 3017 ι).

906 3035 964 3091 Hie
982 3036 1051 3093 odiit
1067 3043 1196 3107 mortens,
1213 3036 1315 3110 dippeus
1330 3039 1442 3095 55511555
1458 3038 1585 3109 profecto

940 3122 1070 3178 Fortuna
1087 3130 1115 3179 et
1131 3140 1215 3181 eursu
1228 3126 1409 3196 prosperiore
1423 3122 1495 3194 frui.

426 3208 567 3275 Tandem
588 3226 660 3275 cum
680 3207 721 3273 ad
741 3224 833 3273 sacra
854 3208 1028 3291 appulisset
1049 3211 1201 3293 animum,
1223 3211 1309 3277 uerbi
1322 3210 1418 3278 diuini
1431 3228 1543 3295 praeeo
1556 3208 1659 3279 factus
1679 3227 1761 3277 anno
1775 3210 1957 3279 MDXLIIX
1977 3208 2163 3279 Bernbachii

424 3308 482 3374 snb
510 3307 665 3374 nobilibus
696 3306 988 3373 aFranckenstein
1019 3310 1102 3376 diem
1134 3329 1227 3377 suum
1260 3310 1388 3393 obdt‘).
1446 3310 1495 3375 Ex
1522 3310 1647 3392 scriptis
1678 3310 1776 3391 ipsius
1810 3312 1846 3377 in
1869 3310 2161 3395 Propymnnsmata

423 3410 601 3494 Aptttonii
630 3408 768 3487 scholio,
806 3411 840 3473 et
875 3407 914 3473 dc
942 3408 1152 3491 Principibus
1185 3410 1404 3494 informandis
1437 3414 1596 3475 tractatus
1631 3408 1805 3475 succinctus
1841 3408 1893 3475 ille
1927 3409 2067 3491 quidem,
2105 3411 2164 3478 sed

423 3508 674 3592 elegantissimus
695 3506 965 3590 promuscidas
985 3508 1018 3573 in
1038 3515 1130 3590 parte
1147 3510 1245 3575 etiam
1262 3509 1400 3577 Patricio
1421 3508 1490 3591 ipsi,
1511 3508 1565 3589 qui
1586 3508 1627 3575 do
1647 3525 1744 3589 regno
1767 3508 1878 3575 eodem
1892 3507 1957 3575 lars
1974 3516 2162 3591 argumento

423 3611 562 3693 scripsit,
584 3608 721 3692 palmam
739 3607 950 3689 praeripuisse
969 3607 1132 3692 videatur,
1165 3614 1285 3677 extum.
1331 3608 1457 3675 Erasrm
1482 3626 1607 3689 quoque
1634 3606 1774 3673 libellum
1800 3610 1840 3675 de
1866 3608 2020 3676 civilitate
2039 3630 2164 3676 nurum

422 3713 460 3777 in
488 3711 669 3778 5555155155
701 3714 732 3775 51
762 3708 932 3775 moriae
954 3708 1123 3790 juvandae
1147 3710 1243 3777 utiles
1268 3710 1469 3793 quaunones
1502 3706 1635 3789 digessit
1665 3711 1699 3773 et
1727 3706 1943 3790 locupletavit:
1976 3710 2043 3775 liti
2074 3708 2163 3777 Livii

423 3812 586 3879 nationes
605 3828 712 3877 onnes
732 3829 772 3875 cc
792 3808 887 3875 libris
907 3808 947 3873 dc
967 3808 1009 3875 11
1028 3808 1109 3875 dello
1129 3810 1255 3877 Punico
1276 3809 1416 3892 artificio
1436 3808 1616 3875 Dialectico
1637 3814 1668 3875 et
1687 3807 1859 3875 Rhetoriw
1881 3808 2051 3877 illustravit
2069 3814 2103 3875 et
2123 3826 2163 3875 ex

422 3911 536 3977 indere
556 3908 786 3989 Miscellanea,
815 3906 1049 3977 555555ιὶ555
1074 3916 1105 3975 et
1131 3909 1396 3993 apopdtlsepma
1423 3926 1530 3975 rernm
1558 3906 1804 3975 memorabilium
1826 3908 1996 3991 excerpsit:
2036 3908 2163 3992 scripsit

424 4010 501 4077 item
521 4015 707 4092 argumestta
727 4010 765 4075 in
785 4028 891 4075 onnus
911 4010 1081 4089 nationes
1100 4010 1214 4091 quibos
1233 4014 1448 4089 macerant,
1467 4024 1547 4089 quse
1566 4011 1677 4075 551551
1698 4009 1782 4090 apud
1802 4006 1953 4090 oanan
1972 4008 2161 4089 8515511555,

424 4112 463 4193 Q.
491 4110 655 4191 05511555,
694 4109 730 4177 0.
751 4108 937 4189 05555555,
968 4107 1152 4177 Oonsclium
1173 4110 1319 4177 Taciturn
1345 4116 1377 4175 et
1403 4108 1635 4175 Herodianum.
1678 4106 1812 4191 Collegit
1840 4107 2041 4176 Medicinam
2067 4108 2163 4175 etiam

424 4213 566 4291 5511555,
594 4212 648 4279 usi
674 4210 789 4277 rantis
813 4208 1089 4275 commistiones
1116 4214 1147 4277 et
1174 4210 1406 4277 5555515115555
1433 4208 1583 4289 Melitae,
1621 4212 1656 4274 et
1680 4208 1818 4275 carmine
1847 4206 2015 4291 descripsit
2041 4207 2163 4275 Arna

423 4311 602 4378 Persarum
630 4309 733 4394 Repr‘s
763 4308 955 4387 5555151555,
992 4310 1028 4373 st
1055 4308 1154 4375 Parii
1183 4328 1312 4377 5555555
1340 4308 1606 4393 Bktoriennsquc
1636 4311 1673 4375 15
1704 4306 1924 4389 sommium
1956 4314 1987 4375 51
2020 4306 2163 4375 Tubulus

422 4411 546 4492 redegit
555 4412 596 4493 ⁸).

523 4562 553 4715 g
566 4560 832 4713 mutim&
851 4660 877 4700 a
896 4646 964 4700 1510
979 4642 1152 4702 vicmeetoris
1174 4657 1286 4698 munao
1302 4642 1410 4699 1555155
1431 4646 1487 4704 asts
1514 4640 1548 4699 51.
1566 4644 1623 4699 rita
1640 4642 1739 4699 Adnmi
1759 4640 1892 4698 Cratonis.
1926 4638 1998 4695 Albo
2017 4639 2163 4709 inscriptus

422 4738 466 4789 551
490 4731 563 4788 inter
592 4732 694 4801 primos
719 4728 887 4787 ,1551551155
915 4730 991 4787 cirea
1019 4744 1045 4785 a
1074 4730 1141 4785 1511
1168 4728 1261 4784 sddits
1288 4727 1421 4797 dignitus
1445 4728 1576 4785 55555555
1606 4729 1746 4787 literarum
1772 4726 1944 4799 professoris
1990 4725 2109 4781 Pistorio
2135 4731 2164 4781 et

423 4820 580 4890 Aymunno
597 4816 752 4917 5555551155
768 4816 931 4886 professioni
949 4815 1085 4873 oratorias
1104 4815 1139 4871 ab
1156 4830 1181 4871 5
1199 4816 1266 4870 1555
1283 4814 1318 4869 ad
1337 4830 1363 4870 5.
1381 4816 1449 4871 lois
1465 4816 1592 4885 praeluit

519 4904 553 5058 3
568 4901 771 5058 {¹⁰qu
787 4986 844 5044 Dii.
860 5001 911 5057 por
927 5001 1049 5043 55555551
1064 4986 1175 5056 scripsit
1194 4992 1307 5043 aeterno
1325 4992 1354 5042 et
1368 4988 1457 5043 tono.

522 5079 552 5143 5)
569 5074 852 5131 Pistoriotestsobiit
868 5074 1020 5145 51551555,
1041 5073 1173 5129 Striederi
1190 5074 1278 5129 tontes
1290 5078 1359 5143 post
1374 5088 1400 5127 5.
1415 5077 1489 5130 1551
1505 5079 1637 5131 5555155555
1649 5072 1779 5144 indicant,
1796 5070 1923 5142 Nigidius
1940 5086 2039 5127 555555
2053 5070 2163 5141 qnidam

423 5163 518 5219 mortis
543 5160 647 5227 5551511,
657 5165 662 5181 “
673 5161 723 5217 sed
740 5159 875 5232 siquidem
893 5174 929 5216 ex
945 5159 1021 5233 1555,
1039 5174 1121 5229 quern
1138 5160 1165 5215 ei
1181 5160 1210 5215 lu
1225 5156 1350 5227 oeulogo
1366 5172 1419 5216 suo
1439 5158 1526 5233 dedit,
1545 5160 1707 5243 concludere
1724 5158 1802 5229 11551,
1821 5174 1846 5215 a
1867 5158 1926 5213 1555
1945 5158 2010 5213 1551
2028 5162 2162 5214 mortuum

423 5254 551 5404 opumilis)
566 5254 714 5389 θ5111555555
730 5330 813 5401 tituli,
830 5346 899 5400 qnos
910 5331 965 5389 itii.
983 5348 999 5387 5
1017 5330 1125 5389 51151551
1142 5330 1261 5401 epitome
1278 5330 1404 5391 biblioth.
1421 5331 1535 5389 11555551
1549 5332 1655 5399 munt,
1674 5330 1747 5403 apud
1759 5330 1928 5389 Strlsdmum
1945 5329 2053 5387 55151555
2069 5342 2162 5384 omnes

422 5424 671 5477 commemorantur.
