5534 6984
1225 1053 1229 1068 '
1315 1047 1481 1114 ioannes
1507 1046 1662 1115 Riohius

1380 1154 1595 1211 Hannoscranns

718 1290 830 1363 Poisin
850 1294 1033 1377 aliquandiu
1051 1295 1084 1361 in
1104 1294 1327 1378 Marpnrgensi
1347 1296 1517 1362 Academia
1540 1295 1672 1363 tradidit
1691 1312 1790 1361 uenae
1817 1296 1966 1363 felicitate
1986 1296 2113 1379 Pagano
2134 1316 2196 1365 non
2219 1298 2356 1368 inferior.

623 1394 739 1461 Verum
767 1414 837 1463 cnm
865 1412 919 1461 sos
944 1395 1009 1461 lere
1035 1394 1256 1477 prudentiores
1282 1394 1393 1461 haberi
1419 1400 1574 1476 comeret,
1613 1395 1681 1477 qui,
1711 1395 1793 1477 quod
1823 1397 1863 1462 de
1887 1396 2000 1479 Ulysse
2028 1398 2167 1479 prodidit
2189 1399 2222 1465 in
2243 1400 2354 1483 Odyss.

621 1496 792 1580 Homerus,
812 1495 982 1562 multorum
1001 1495 1218 1576 cognovissent
1237 1494 1332 1561 nrbes
1353 1499 1386 1560 et
1406 1512 1525 1577 mores,
1551 1493 1584 1558 in
1605 1493 1731 1558 Italiam
1748 1495 1844 1579 abiit,
1871 1501 1904 1562 et
1923 1516 2019 1579 quum
2040 1498 2114 1563 inde
2134 1505 2357 1583 reverteretur,

620 1594 772 1663 Mundam
791 1596 825 1662 in
845 1595 932 1662 Erici
951 1594 1128 1660 Brunoniae
1149 1594 1245 1661 Ducis
1273 1592 1378 1661 aulam
1405 1594 1493 1660 venit
1519 1593 1585 1675 eJus
1613 1592 1781 1661 cunalibus
1810 1600 1844 1661 et
1871 1596 2026 1663 Palatinis
2056 1596 2231 1680 adjunctus.
2274 1600 2356 1669 Hinc

622 1694 662 1761 dc
687 1694 742 1761 illo
754 1698 782 1777 ¹)
2129 1684 2134 1697 ⁴

1298 1972 1460 2039 loannes
1490 1969 1676 2037 Benterus

1422 2078 1550 2133 Francus.

717 2223 777 2291 llic
795 2222 892 2291 etiam
912 2239 974 2288 nou
995 2220 1164 2287 admodum
1190 2219 1244 2286 diu
1269 2220 1303 2286 in
1328 2218 1585 2303 Philosophorum
1611 2220 1752 2304 perstitit
1782 2220 1951 2306 subselliis,
1992 2222 2167 2306 Budingam
2197 2224 2237 2290 ad
2267 2226 2352 2291 Isen-

620 2324 765 2407 burgiccs
787 2322 922 2389 Comites
942 2326 1101 2389 evocatus.
1142 2321 1191 2388 De
1211 2321 1290 2403 ω’)

1265 2595 1431 2670 Adamas
1456 2596 1702 2673 Lonicerus⁸l
1730 2636 1734 2646 ·

719 2755 788 2824 Hac
807 2754 840 2820 in
860 2754 937 2820 mbo
957 2755 1050 2819 natus
1072 2768 1155 2817 anno
1175 2750 1361 2817 Mlllllilill
1383 2752 1493 2819 Octoh.
1516 2753 1567 2820 die
1584 2754 1614 2819 X
1632 2758 1724 2835 patre
1744 2752 1867 2822 Joanne
1887 2752 2040 2821 Lonicero
2061 2755 2157 2822 trium
2177 2756 2355 2839 linguarum

621 2859 655 2922 ct
672 2853 813 2938 inprimis
834 2852 972 2920 Graecae
998 2852 1123 2929 inter⁴l
1150 2868 1205 2917 cos
1231 2849 1314 2932 lere,
1342 2852 1398 2933 qui
1424 2850 1483 2919 hac
1510 2853 1543 2918 in
1570 2853 1738 2919 Academia
1766 2854 1937 2945 docuerunt
1966 2870 2119 2937 unquam,
2157 2858 2355 2941 peritissimo,
2401 2921 2402 2924 ,

621 2954 797 3022 admirabili
817 2953 952 3036 quodam
972 2951 1013 3016 ad
1033 2950 1261 3033 philosophiam
1280 2952 1388 3017 studio
1410 2953 1585 3018 concitatus
1606 2958 1639 3019 et
1660 2954 1814 3019 attentius
1834 2955 1867 3018 in
1888 2953 1996 3018 eadem
2018 2960 2245 3039 commoratus,
2272 2957 2354 3040 qnod

622 3072 727 3121 rerum
749 3054 888 3135 ipsarum
907 3050 1091 3133 magnitudo
1112 3056 1146 3116 et
1166 3050 1303 3115 sanetas
1323 3067 1444 3117 summa
1466 3050 1637 3118 delectione
1658 3055 1790 3119 eundem
1805 3054 1964 3135 retineret,
1987 3054 2082 3119 etiam
2096 3060 2202 3121 aetate
2218 3058 2353 3138 majores

622 3154 655 3219 in
676 3152 788 3219 studiis
809 3152 884 3218 fecit
903 3168 1107 3233 progressus,
1133 3150 1181 3217 ita
1202 3150 1280 3215 XIII
1300 3151 1416 3216 aetatis
1439 3169 1522 3217 anno
1548 3152 1696 3234 primam,
1736 3153 1869 3219 triennio
1890 3171 1964 3218 vero
1985 3158 2074 3236 post,
2109 3172 2190 3221 anno
2212 3158 2357 3225 videlicet

622 3250 788 3333 MDXLV,
813 3250 982 3317 secundam
1001 3249 1214 3333 philosophiae
1236 3255 1269 3314 et
1289 3250 1405 3314 artium
1426 3249 1581 3333 lauream,
1614 3251 1847 3333 Philosophicae
1866 3252 2028 3319 facultatis
2048 3255 2223 3319 antistitum
2243 3256 2357 3337 jndicio

622 3352 838 3436 promeruerit.
880 3350 983 3430 Quum
1004 3349 1112 3430 itaque
1132 3348 1273 3431 apprime
1292 3348 1450 3416 videretur
1470 3350 1592 3433 dignus,
1613 3352 1715 3434 quise
1733 3352 1775 3417 ad
1798 3350 1972 3418 docendum
1992 3353 2090 3436 daret,
2111 3356 2254 3437 sequenti
2274 3373 2357 3422 anno

622 3450 877 3533 Francofnrtnm,
899 3448 984 3532 qnod
1004 3450 1045 3514 ad
1066 3448 1214 3515 Moenum
1234 3454 1301 3531 est,
1320 3468 1340 3514 a
1360 3454 1452 3531 patre
1471 3452 1617 3534 mittitur,
1637 3457 1673 3517 ut
1692 3452 1747 3517 snb
1763 3451 1880 3517 Jacoho
1895 3452 2029 3535 Mycillo,
2049 3454 2102 3535 qui
2123 3460 2188 3520 tum
2208 3457 2357 3537 temporis

623 3551 763 3618 Rectcris
785 3550 876 3617 isthic
897 3549 1025 3615 subibat
1044 3567 1175 3631 munus,
1202 3566 1329 3631 operam
1353 3550 1387 3615 in
1412 3550 1604 3616 instituenda
1629 3551 1794 3633 juventute
1821 3556 1927 3632 ponat.
1979 3552 2022 3617 At
2042 3571 2115 3619 vero
2138 3571 2232 3635 quum
2253 3561 2356 3622 motus

625 3652 725 3718 bellici
749 3651 866 3734 passim
892 3651 1154 3731 increbescerent,
1188 3654 1262 3732 post
1282 3666 1397 3715 annum
1417 3650 1623 3733 Marpurgnm
1649 3660 1793 3717 reversus
1822 3669 1891 3716 cum
1912 3651 2052 3735 (iasparo
2081 3654 2233 3735 Rodolphi
2264 3655 2357 3720 Prid-

624 3753 752 3834 hergam
779 3752 1029 3817 Wettcravorum
1057 3749 1099 3815 ad
1128 3749 1378 3815 constituendam
1411 3750 1504 3817 isthic
1535 3750 1675 3816 scholam
1712 3751 1874 3816 invitatur.
1923 3751 2004 3815 Hinc
2033 3752 2236 3836 Marpurgnm
2263 3756 2359 3821 rediit

623 3852 724 3919 denuo
743 3850 953 3933 stipendiariis
972 3850 1063 3914 istius
1085 3849 1144 3914 loci
1165 3865 1248 3913 anno
1270 3847 1360 3913 Mul.
1378 3849 1574 3933 praelectus,
1595 3850 1651 3915 scd
1673 3868 1753 3916 anno
1773 3851 1877 3932 elapso
1899 3852 2000 3934 patris
2021 3853 2187 3935 praecipue
2209 3872 2247 3919 ea
2269 3856 2302 3920 in
2322 3873 2357 3922 re

623 3951 815 4033 obsequntus
835 3950 961 4017 oonsilio
981 3949 1175 4031 Mogontiam
1198 3948 1239 4014 ad
1258 3949 1300 4015 D.
1323 3949 1516 4015 Osterodum
1535 3950 1701 4031 concessit,
1728 3955 1766 4015 ut
1791 3950 1903 4031 quihus
1930 3950 2104 4017 Medicinae
2126 3955 2302 4036 praeceptis
2323 3960 2355 4020 et

623 4050 776 4118 institutis
795 4048 992 4130 abundabat,
1020 4048 1129 4114 eadem
1154 4066 1257 4113 rerum
1285 4066 1379 4131 porro
1407 4066 1467 4116 usn
1486 4055 1519 4115 et
1540 4050 1731 4132 experientia
1752 4047 1842 4133 hujus
1864 4056 2014 4132 tanquam
2035 4053 2175 4116 veterani
2195 4053 2356 4135 cujusdam

623 4157 657 4219 et
682 4150 932 4219 exercitatissimi
960 4148 1048 4215 ducis
1077 4148 1173 4213 ductu
1203 4152 1237 4213 et
1265 4148 1411 4231 auspiciis
1441 4148 1648 4215 confirmaret.
1700 4149 1802 4227 Quum
1830 4149 1937 4231 itaque
1967 4149 2039 4215 huic
2067 4150 2196 4217 Doctori
2226 4153 2356 4236 ejusque

623 4252 745 4318 artibus
759 4251 855 4317 variis
870 4255 965 4331 atque
977 4248 1085 4314 miultis
1099 4247 1258 4313 biennium
1273 4246 1399 4315 deditus
1412 4247 1531 4331 fixisset,
1549 4247 1622 4314 inde
1634 4253 1799 4314 revocatus
1810 4249 1839 4329 ⁶)
1858 4248 2063 4330 Marpurgum
2077 4250 2109 4314 in
2124 4250 2356 4319 Mathematicis

624 4350 739 4419 studiis
766 4349 888 4432 publice
916 4346 1078 4415 tradendis
1103 4365 1211 4415 curam
1238 4364 1356 4429 ponere
1387 4347 1533 4430 jubetur,
1571 4366 1666 4430 quam
1695 4348 1890 4429 provinciam
1918 4348 1964 4412 itu
1994 4350 2147 4431 smocpit,
2189 4357 2225 4417 ut
2252 4357 2356 4417 umen

505 4521 512 4529 ,
622 4449 764 4518 Medicae
788 4449 867 4515 artis
888 4449 1142 4516 exercitationem
1163 4464 1324 4529 nunquam
1343 4446 1523 4530 deponeret.
1565 4447 1676 4530 Neque
1694 4452 1779 4514 certe
1798 4446 1919 4513 frustra
1936 4465 2004 4515 sesa
2025 4450 2123 4516 tantis
2144 4452 2177 4516 in
2196 4450 2357 4518 laboribus

624 4550 763 4617 arerem
781 4549 843 4631 ille,
863 4566 958 4632 quum
977 4547 1079 4615 laudis
1100 4551 1133 4615 et
1154 4546 1273 4628 gloriae
1294 4547 1478 4629 mercedem,
1497 4552 1732 4630 praeterquam
1746 4546 1839 4613 aliam
1856 4547 1974 4613 nnllam
1990 4549 2090 4616 virtus
2106 4551 2176 4632 ipsa
2193 4551 2357 4632 desiderat,

727 4782 756 4849 1)
773 4780 848 4835 Nihil
866 4780 1017 4850 insequitur
1033 4784 1143 4847 praeter
1159 4794 1272 4836 vacnum
1288 4780 1414 4847 imaginis
1431 4778 1528 4835 locum.
1563 4776 1687 4847 Nigidius
1700 4777 1824 4832 Richium
1836 4778 1907 4833 inter
1921 4792 1970 4835 eos
1986 4780 2075 4848 hahet,
2094 4782 2139 4851 qui
2158 4779 2246 4837 adhuc
2263 4798 2356 4851 super·

624 4869 702 4923 stitus
711 4866 765 4923 alic
779 4881 808 4921 se
821 4865 999 4936 contulerunt,
1018 4880 1133 4934 eumque
1145 4865 1245 4922 abiisse
1257 4867 1285 4921 in
1297 4866 1405 4922 Italiam
1415 4880 1450 4921 ac
1464 4880 1603 4921 reversum
1620 4878 1681 4919 esse
1693 4864 1823 4919 Mundam
1840 4864 1874 4920 ad
1886 4866 1995 4920 Ericum
2013 4865 2109 4921 ducem
2129 4867 2355 4923 Brunssicensem

624 4953 716 5010 tradit.
751 4953 883 5008 Pistorins
900 4953 960 5021 ejus
977 4951 1080 5007 aditum
1097 4967 1167 5008 anno
1185 4952 1266 5021 uois,
1290 4952 1393 5007 abitum
1414 4968 1438 5008 a.
1459 4955 1524 5007 1546
1547 4951 1653 5017 tribuit;
1679 4952 1755 5006 illum
1777 4968 1874 5006 annum
1892 4952 2049 5007 confirmant
2075 4953 2170 5009 litcrac
2190 4954 2301 5009 Lnthcri
2321 4954 2356 5008 ad

626 5040 783 5110 Philippum
798 5038 949 5107 principem
967 5037 1046 5094 datae
1062 5037 1136 5107 apud
1152 5036 1328 5095 Striederum.

725 5127 755 5195 2)
771 5124 898 5195 Sequitur
914 5126 991 5181 locus
1009 5124 1140 5194 imaginis.
1174 5124 1257 5193 Apud
1273 5124 1412 5193 Nigidium
1426 5120 1522 5177 eodem
1540 5120 1785 5192 quoliichinsloco
1798 5122 1950 5179 interrivos
1965 5131 2192 5181 commemoratur.
2227 5124 2358 5179 Pistorius

626 5227 687 5267 enm
705 5211 919 5267 carlstadiauum
935 5212 985 5265 Plu
1000 5216 1029 5265 et
1045 5210 1104 5266 Jnr.
1122 5212 1155 5266 1).
1174 5210 1287 5267 Poctam
1308 5217 1336 5266 at
1353 5210 1484 5279 Loqicnm
1507 5208 1643 5280 appellat,
1666 5210 1767 5265 adiisse
1791 5209 1826 5264 ad
1846 5208 2012 5266 academiam
2037 5227 2061 5267 a.
2089 5213 2168 5282 1516,
2200 5210 2359 5266 discessisse

627 5297 776 5367 nudmguu
793 5314 818 5353 a
837 5301 905 5354 roso
924 5296 1015 5353 cana

725 5385 755 5452 3)
772 5384 826 5438 Dil.
843 5400 909 5440 usus
927 5389 968 5440 est
985 5386 1014 5439 in
1031 5384 1082 5439 hac
1099 5384 1156 5438 rita
1172 5379 1350 5439 describenda
1367 5380 1517 5437 Boiascrds'
1534 5380 1606 5437 lcon.
1624 5380 1681 5447 111,
1700 5397 1727 5450 p.
1746 5384 1796 5438 ³05
1814 5396 1874 5452 sqq.

724 5471 754 5540 4)
774 5470 838 5526 Cod
856 5472 895 5525 ia.
959 5472 990 5539 b)
1010 5470 1102 5539 Imago
1119 5468 1253 5527 Loniccr'x
