5534 6984
900 1092 963 1149 Hor
980 1092 1207 1147 nummu
1223 1090 1331 1157 nunu,
1348 1092 1415 1147 baec
1434 1108 1485 1149 ora
1500 1096 1617 1164 emebat,

933 1178 1044 1247 Hospes
1060 1178 1091 1231 in
1107 1177 1250 1231 Hennaea
1266 1193 1327 1232 cun
1344 1192 1433 1233 moses
1450 1179 1516 1235 urbe
1528 1181 1614 1249 foret

897 1265 924 1317 A
940 1263 1047 1329 uiola,
1065 1278 1136 1332 puae
1147 1261 1258 1329 juvenis
1275 1268 1380 1319 tenuas
1391 1265 1564 1323 instruxerat
1576 1282 1670 1333 omos,
1733 1280 1738 1295 ⁴

931 1349 1058 1404 Miratur
1075 1347 1183 1403 reducis
1199 1346 1275 1404 dona
1292 1348 1374 1405 beata
1392 1351 1454 1405 cin.

899 1436 1005 1506 Quique
1022 1434 1106 1489 eliense
1118 1436 1231 1503 suerat,
1251 1451 1348 1490 nonen
1366 1434 1444 1491 ducis
1461 1452 1519 1493 ecce
1535 1442 1652 1493 nereum

930 1523 966 1576 In
977 1520 1054 1588 juris
1066 1522 1156 1592 fipene
1172 1522 1251 1577 clara
1269 1524 1405 1592 eropum
1418 1524 1495 1593 soro.

897 1608 960 1663 Hoc
977 1608 1023 1663 iiii
1038 1609 1128 1663 omis
1140 1614 1229 1678 parto
1244 1610 1416 1679 experientia
1434 1610 1513 1664 rebus

930 1695 1079 1750 Praesmit
1094 1696 1126 1749 in
1139 1696 1251 1763 muscis,
1274 1710 1356 1765 wau
1370 1698 1451 1766 parit
1468 1702 1528 1751 arte
1545 1694 1633 1751 &aaa

895 1782 999 1849 Duae¹l
1017 1783 1105 1851 ipitur
1124 1781 1211 1837 laetos
1229 1782 1318 1851 lopun
1335 1782 1462 1837 ewdicea
1480 1784 1634 1851 triumphos

932 1868 1047 1934 Οοηοὶο,
1063 1883 1129 1923 naon
1143 1884 1257 1923 caumas
1269 1869 1336 1937 fors
1353 1871 1415 1939 opit
1431 1886 1519 1939 nemea
1538 1876 1609 1937 tuas,

897 1955 928 2009 Si
943 1954 1025 2009 nodo
1042 1956 1123 2027 eipna
1139 1955 1217 2011 ducis
1232 1955 1304 2025 pede
1319 1971 1377 2011 non
1395 1956 1527 2011 titubante
1544 1963 1652 2013 nements

931 2042 987 2095 Per
1005 2040 1079 2096 uada
1095 2042 1212 2097 miiitiae
1230 2048 1297 2113 typo
1309 2042 1435 2111 forenses
1453 2058 1506 2098 eas.
1702 2034 1704 2039 ’

416 2126 478 2191 Sed
498 2144 596 2191 annus
618 2145 638 2191 s
661 2128 799 2192 muneris
820 2128 979 2193 iunctione
999 2135 1149 2209 quamus,
1183 2130 1276 2210 qui2)
1296 2129 1580 2195 Heietermounnm
1601 2128 1785 2197 Academiae
1806 2132 1970 2198 Rectorem
1991 2132 2023 2199 in
2045 2132 2151 2200 Solmii

416 2226 546 2291 Comitis
566 2227 669 2291 locum
690 2232 867 2309 cooptatum
880 2228 1013 2309 viderat,
1035 2246 1156 2293 omnem
1172 2246 1260 2310 spem
1278 2234 1376 2309 etque
1393 2230 1496 2293 omnic
1511 2228 1594 2293 vilse
1613 2230 1743 2295 consilio
1757 2237 1959 2312 praemature
1972 2239 2072 2299 morte
2086 2234 2150 2300 suis

414 2327 559 2392 luctuosa
575 2332 609 2391 et
622 2326 713 2392 bonis
727 2327 869 2393 omnibus
881 2328 971 2409 gravi
985 2329 1147 2409 pervertit.
1179 2328 1267 2393 Obiit
1280 2329 1361 2393 enim
1376 2328 1425 2393 die
1434 2328 1627 2409 Septembris
1641 2330 1820 2396 duodecima
1832 2330 2151 2417 annombnxnxu,

414 2444 483 2509 cum
504 2444 620 2491 annum
641 2426 755 2490 aetatis
777 2428 828 2491 vix
847 2431 957 2507 ageret
977 2427 1181 2511 trigesimum,
1201 2444 1240 2493 ac
1257 2427 1289 2492 in
1307 2426 1423 2509 templo
1442 2426 1503 2495 fuit
1518 2428 1670 2510 sepultus.
1704 2430 1913 2497 Parentamnt
1925 2430 1992 2496 viro
2006 2432 2150 2499 omnibus

414 2526 592 2591 desiderato
606 2525 717 2591 Justus
732 2525 876 2607 Voltcius
894 2536 927 2591 et
939 2527 1096 2608 Pogonus.
1140 2525 1283 2607 Nigidius
1304 2528 1400 2591 etiam
1417 2528 1563 2592 naeniam
1582 2526 1741 2593 funebrem
1762 2530 1810 2596 his
1832 2530 1985 2613 expressit
2006 2530 2150 2597 versibus
2180 2530 2187 2547 '

896 2624 1124 2681 Heieternannus
1141 2632 1202 2680 erat
1219 2627 1294 2680 sacri
1310 2640 1383 2680 noea
1402 2626 1493 2697 ploric
1506 2625 1590 2694 juris,

930 2712 1052 2781 mopso
1070 2712 1177 2778 curus,
1194 2712 1371 2781 contritisque
1384 2718 1491 2782 puteus.

896 2796 950 2852 Sed
967 2813 1030 2867 spes
1047 2813 1064 2853 o
1081 2799 1221 2853 leoninum
1239 2799 1379 2865 sanaem,
1397 2814 1413 2853 a
1431 2796 1537 2869 paedia
1555 2802 1642 2853 nana!

930 2885 1053 2939 Abendit
1069 2885 1141 2939 bunc
1156 2900 1281 2953 propera
1299 2869 1532 2955 Parca'malipua
1549 2900 1639 2939 masne.

896 2970 1051 3039 Discipulis
1061 2970 1124 3038 suit
1139 2978 1283 3039 acceptus,
1298 2987 1367 3039 quoe
1378 2970 1450 3039 jura
1467 2970 1588 3038 domist,

930 3056 1014 3111 Hunc
1030 3057 1116 3113 ueluti
1128 3057 1278 3127 propriane
1297 3074 1362 3113 nane
1377 3058 1484 3113 coluere
1495 3064 1613 3129 patens.

895 3142 983 3198 Nemo
996 3142 1072 3210 fuit,
1090 3142 1139 3212 aui
1154 3159 1210 3199 non
1227 3145 1342 3199 uirtutes
1355 3145 1457 3214 fautor
1473 3150 1586 3211 amaret,

929 3229 964 3282 In
982 3235 1058 3283 tento
1077 3244 1198 3285 nunnae
1213 3245 1286 3299 puae
1301 3232 1408 3287 uiuere
1424 3231 1494 3287 ciro.

897 3314 995 3385 ῼιιίῑ),
1015 3316 1041 3369 si
1052 3314 1121 3383 sata
1137 3316 1182 3370 iiii
1195 3314 1261 3385 pius
1281 3316 1511 3385 temporieaequa
1522 3314 1666 3383 dedissent,

929 3402 1062 3457 Pluribus
1078 3404 1149 3457 banc
1163 3406 1277 3471 poterat
1292 3402 1473 3458 condecorare
1490 3402 1616 3458 saboiam.

1052 3634 1280 3699 Valentinus
1305 3632 1509 3699 Forsterus

1192 3731 1219 3787 J.
1241 3732 1275 3789 U.
1296 3730 1329 3787 D.
1339 3734 1368 3801 ¹)

510 3848 706 3933 Wittebergn
725 3850 892 3935 oriundus,
921 3854 1077 3937 exquuita
1107 3854 1249 3921 doctrine
1275 3858 1308 3917 et
1329 3852 1481 3933 singulari
1501 3850 1654 3919 industrio
1678 3852 1740 3935 uis,
1770 3850 1852 3935 quod
1873 3850 2006 3934 scriptu,
2034 3852 2145 3936 quibus

413 3968 569 4033 nunquam
598 3950 864 4017 intermorituram
891 3954 1023 4019 nominis
1051 3952 1168 4021 tamam
1194 3952 1322 4035 collegit
1349 3952 1426 4034 sibi,
1459 3950 1627 4019 ostendunt
1656 3950 1829 4035 praecipue.
1881 3950 1940 4018 Hic
1969 3950 2146 4020 Brunoniae

412 4050 546 4131 primum
566 4048 646 4116 Duci
675 4048 851 4117 scansiliis
873 4052 1026 4135 istbicque
1053 4054 1189 4119 locorum
1214 4052 1324 4135 iudicii
1353 4070 1482 4135 praeses
1508 4050 1547 4117 ab
1576 4050 1738 4119 Illustriss
1766 4050 1934 4118 Hessorum
1955 4050 2145 4135 Principibus

412 4148 492 4214 hanc
521 4150 551 4213 in
581 4148 779 4215 Academiam
811 4150 852 4217 ab
888 4151 976 4218 obitu
1003 4150 1238 4219 Heistermanni
1266 4170 1349 4219 anno
1374 4150 1542 4218 MDLXIX
1569 4152 1618 4217 die
1644 4150 1717 4217 Feb.
1739 4152 1783 4217 Lll
1819 4152 1957 4217 omnium
1979 4152 2144 4235 ‘applausu
2235 4232 2241 4247 ι

411 4253 574 4329 evocatur,
597 4255 633 4313 ut
652 4249 866 4315 Antecessoris
887 4269 1000 4317 munus
1023 4252 1202 4319 sustineret.
1243 4254 1290 4319 Ac
1317 4271 1388 4319 cum
1416 4251 1597 4318 decennium
1623 4251 1696 4317 huic
1723 4250 1908 4334 praefuisset
1928 4252 2144 4333 provinciam)

511 4474 535 4539 1)
553 4471 598 4525 Sic
615 4471 689 4537 cod.;
707 4472 878 4528 scribendum
895 4473 1002 4529 videtur
1018 4474 1079 4529 duc.
1102 4502 1137 4515 -
1165 4478 1193 4543 2)
1211 4476 1306 4546 Imago
1322 4476 1533 4531 Ilaistarmsnni.

512 4560 537 4625 3)
555 4557 705 4626 hebenus,
724 4561 771 4626 qui
789 4560 817 4615 in
834 4560 942 4615 theatro
960 4560 1008 4615 vir.
1026 4560 1101 4616 eruti
1119 4562 1315 4618 cometibendo
1332 4562 1385 4617 boc
1401 4562 1515 4617 Dilicbii
1534 4560 1604 4617 libro
1623 4568 1757 4628 deusest,
1776 4577 1826 4629 per
1842 4562 1936 4617 mbnm
1954 4560 2144 4631 negligentium

413 4642 499 4697 edidit
516 4661 539 4697 a.
564 4648 637 4698 1618.

509 4731 539 4797 4)
556 4730 602 4786 Sic
620 4730 674 4785 Dil.
694 4731 816 4800 scripsit,
841 4732 965 4800 Nigidius
983 4732 1044 4801 ipse
1061 4748 1157 4789 emas.
1179 4762 1212 4773 «-
1235 4733 1266 4803 5)
1282 4732 1365 4802 Apud
1381 4732 1520 4802 Nigidium
1539 4738 1627 4787 exstm
1646 4732 1757 4803 Quodsi.

511 4821 541 4883 6)
559 4816 679 4872 Forsteri
697 4818 752 4872 vita
768 4834 786 4872 a
804 4816 868 4873 liliis
879 4818 1034 4886 comeripu
1047 4818 1264 4875 commentationi
1282 4821 1342 4890 ejus
1360 4819 1394 4875 de
1411 4819 1598 4885 iurisdictione
1615 4820 1737 4875 Romana
1754 4814 1915 4873 Helmstadii
1933 4832 1957 4871 a
1972 4820 2039 4873 1610
2056 4814 2144 4873 editae

412 4902 564 4969 praemisse
583 4910 633 4957 est
668 4902 744 4969 Quae
762 4903 898 4959 Dilicbius
915 4904 1040 4974 exhibet,
1058 4921 1094 4959 ex
1105 4906 1178 4961 Albo
1196 4904 1352 4961 academico
1370 4906 1497 4961 desumto.
1513 4904 1651 4976 nomom-
1662 4906 1702 4959 ita
1718 4910 1807 4959 tamen
1825 4910 1856 4957 ut
1871 4900 2000 4957 nonnulle
2017 4916 2079 4956 eum
2092 4918 2145 4957 non

412 4995 487 5043 recte
506 4988 673 5048 intellexisse
690 4996 831 5058 suppurent
866 4990 937 5046 Nem
955 5006 1017 5045 cum
1033 4990 1062 5046 in
1078 4992 1152 5047 Albo
1168 4991 1204 5047 ed
1222 5008 1247 5047 u
1264 4990 1424 5047 Monuit-x
1441 4990 1511 5047 haec
1526 4991 1664 5059 legantem:
1691 4990 1728 5045 In
1744 4992 1827 5045 buires
1845 4988 1990 5059 [Forsteri]
2009 4986 2097 5043 nnn
2115 4989 2145 5045 in

411 5078 464 5131 bac
477 5076 676 5146 Mnrpurpenei
686 5076 837 5131 Acadama
854 5117 860 5131 .
877 5118 885 5131 .
903 5118 909 5130 .
926 5076 1171 5147 Bectoeemfwtea
1180 5085 1235 5143 est,
1252 5080 1298 5133 cui
1313 5080 1442 5135 summit
1455 5078 1569 5133 Clauso.
1582 5076 1619 5131 D.
1630 5076 1791 5131 Remordus
1805 5074 1921 5145 Copias,
1938 5090 1991 5129 non
2003 5072 2145 5131 sommus

412 5161 524 5229 ipsese
541 5176 612 5217 enno
629 5167 793 5216 rectorstnm
817 5163 936 5231 possim
961 5163 1113 5219 modus
1139 5171 1196 5233 est,
1226 5164 1276 5219 sed
1298 5164 1441 5234 Rogemus
1465 5162 1598 5229 satians,
1626 5164 1671 5232 qui
1696 5170 1817 5231 tempore
1843 5160 1961 5229 legitimo
1985 5165 2145 5217 rectorsmm

413 5246 529 5315 sileret,
546 5262 644 5303 munus
660 5247 783 5315 primarii
800 5248 902 5316 Legum
918 5248 1082 5317 professoris
1098 5250 1226 5305 Forstero
1243 5257 1326 5305 antes
1344 5249 1536 5307 demnndsmm
1554 5249 1687 5318 suscepit,
1712 5255 1795 5317 stoue
1814 5246 1873 5303 eins
1892 5246 1920 5301 in
1936 5246 2026 5303 locum
2044 5247 2145 5315 copim

412 5333 562 5405 suoemsit,
589 5334 637 5400 qui
656 5338 738 5389 antee
759 5336 1002 5402 masculinam
1022 5336 1245 5407 pbilosophorum
1276 5338 1304 5391 in
1334 5352 1446 5393 numero
1472 5336 1609 5393 docuerat
1649 5334 1730 5391 nano
1755 5334 1836 5402 igitur
1855 5333 1909 5387 Dil.
1929 5331 2085 5389 Forstarum
2104 5332 2145 5389 bis

411 5424 550 5475 remorato
568 5409 689 5475 iunctum
707 5418 787 5488 dicit,
811 5436 873 5475 cum
889 5422 974 5477 mmai
991 5428 1093 5477 mmm
1111 5438 1136 5477 a
1154 5422 1300 5478 mnnxxl
1317 5424 1390 5479 bunc
1408 5422 1593 5493 magistratum
1617 5422 1748 5491 gemuit,
1773 5418 1922 5489 eodemque
1939 5419 2003 5475 vitio
2021 5418 2146 5475 laborent

413 5520 486 5573 quus
501 5506 530 5563 in
548 5504 694 5562 &curum
712 5488 839 5575 druogo
856 5506 891 5561 ul
908 5524 934 5563 a
952 5508 1110 5563 mnmxx
1127 5510 1288 5565 rdernmm.
1322 5538 1356 5549 -—
1391 5508 1422 5579 7)
1440 5508 1574 5565 omissum
1593 5506 1698 5563 videtur
1715 5514 1746 5563 et.

1927 5610 2033 5675 s*-
