5534 6984
578 843 621 911 16

575 1047 650 1096 cura
671 1031 766 1110 atque
790 1027 1009 1091 antecessores
1032 1022 1194 1104 Principes
1215 1021 1413 1089 Academiam
1433 1019 1693 1104 Marpurgensem
1714 1019 1928 1104 complectitur
1949 1026 1982 1088 et
2001 1022 2166 1103 plusquam
2185 1026 2316 1104 patemo

575 1129 778 1211 prosequitur
799 1125 916 1189 lavore.

700 1226 726 1292 0
748 1231 798 1291 ter
817 1223 936 1290 felicem
957 1223 1072 1304 igitur,
1102 1240 1172 1290 cum
1193 1221 1385 1288 Hadamario
1407 1219 1520 1302 dicam,
1547 1220 1743 1286 Academiam
1764 1220 2036 1303 Marpurgensem,
2067 1240 2148 1304 quae
2169 1221 2314 1304 qnoniam

576 1327 765 1394 amoenitate
786 1323 976 1407 praefulges
996 1322 1133 1387 omnium
1153 1339 1258 1386 rerum
1278 1321 1426 1387 ubertate
1446 1319 1687 1402 praeponderas,
1710 1320 1863 1401 dignitate
1884 1321 2056 1402 praecellis,
2077 1322 2190 1386 merito
2210 1322 2315 1386 (licata

575 1445 608 1493 es
629 1425 786 1506 omnibus,
814 1425 868 1505 qui
894 1423 960 1488 ocio
982 1421 1124 1504 gaudent
1147 1421 1293 1503 honesto,
1320 1420 1490 1486 honoribus
1510 1420 1637 1485 aluntm
1666 1420 1755 1485 honis
1776 1419 1892 1485 Musis:
1921 1439 2003 1503 quae
2023 1425 2072 1486 tot
2091 1422 2229 1502 propriis
2250 1421 2314 1489 tuis

577 1525 705 1592 dotibus
724 1523 893 1607 perlucida,
914 1522 954 1587 ad
978 1527 1068 1588 tanta
1087 1521 1214 1586 honoris
1235 1522 1443 1587 conscendisti
1461 1519 1605 1601 fastigia:
1628 1537 1708 1601 quae
1721 1519 1918 1586 Meccnatum
1935 1528 2061 1586 tuorum
2075 1521 2234 1587 illustrata
2253 1522 2316 1586 uir-

575 1625 696 1690 tutibus
710 1643 747 1690 uc
763 1622 942 1705 patronis*)
961 1621 1195 1686 circmuuallata
1209 1621 1391 1702 propediem
1404 1621 1446 1685 ad
1464 1620 1630 1685 altissimos
1648 1621 1862 1702 amplitudinis
1877 1626 1951 1686 turae
1970 1621 2087 1702 gradus
2103 1639 2317 1704 progressura,

576 1743 646 1792 cum
668 1729 717 1790 tot
737 1723 849 1788 heroes
877 1727 910 1787 et
929 1721 1097 1787 Athlautes
1121 1720 1302 1802 fortissimi,
1332 1725 1380 1786 tot
1408 1721 1644 1804 prudentissimi
1672 1727 1706 1785 et
1728 1720 1929 1787 eruditissimi
1958 1722 2078 1787 sirint
2104 1721 2316 1788 charissimam

575 1825 713 1890 humeris
734 1824 799 1890 suis
818 1827 851 1886 te
871 1821 1003 1887 fulciant
1023 1826 1118 1903 atque
1139 1825 1327 1888 sustentent.

700 1923 748 1988 Ab
770 1923 839 1988 istis
867 1921 965 1987 initiis
986 1921 1222 2003 Marpurgensis
1250 1921 1418 1986 Academia
1445 1921 1487 1985 ad
1515 1920 1574 1985 hoc
1600 1919 1705 1985 famae
1733 1920 1874 2002 peruenit
1902 1919 2078 2002 fastigium,
2109 1922 2186 1989 nulli
2215 1923 2318 2002 hodie,

578 2028 735 2106 quotquot
754 2023 787 2087 in
808 2022 978 2087 Germania
998 2020 1110 2087 florent
1132 2021 1265 2086 nominis
1285 2019 1468 2086 celebritate
1489 2018 1627 2084 inferior.
1669 2019 1763 2084 Faxit
1783 2024 1887 2085 autem
1899 2019 1986 2086 Deus
2008 2025 2044 2086 nt
2064 2021 2128 2086 suis
2149 2022 2318 2104 privilegiis

578 2129 610 2189 et
634 2123 800 2204 Pmudegia
820 2121 987 2188 Academia
1014 2139 1071 2186 sna
1097 2121 1257 2202 gaudeant
1283 2137 1376 2200 quam
1405 2120 1594 2203 diutissime,
1621 2121 1716 2184 immo
1736 2120 1844 2202 vigeat
1869 2121 1924 2186 illa
1949 2139 1985 2186 ac
2005 2120 2134 2204 floreat,
2165 2124 2319 2203 quamdiu

579 2227 703 2304 gratum
725 2226 759 2288 et
778 2227 940 2304 acceptum
960 2221 1136 2287 hominibus
1157 2221 1190 2285 in
1207 2220 1266 2285 hac
1284 2223 1372 2284 terra
1393 2218 1554 2284 Musarum
1575 2237 1695 2300 nomen,
1716 2223 1812 2299 atque

1066 2318 1191 2376 Prodeac
1208 2321 1271 2374 hinc
1287 2334 1393 2388 semper
1411 2318 1559 2373 discentum
1577 2319 1660 2386 copia
1672 2317 1757 2386 felix,

1133 2405 1237 2476 Sarpot
1254 2411 1285 2462 at
1301 2405 1364 2460 inde
1382 2402 1432 2460 tibi
1446 2405 1539 2475 gloria
1555 2421 1661 2458 samma
1677 2405 1745 2459 Deo.

702 2496 768 2562 Nos
789 2497 910 2560 interea
930 2493 973 2558 ad
1000 2493 1102 2574 elogia
1128 2493 1264 2558 virorum
1290 2492 1391 2557 literis
1412 2491 1593 2572 illustrium,
1623 2492 1678 2571 qui
1707 2491 1788 2556 hanc
1808 2492 2007 2559 Academiam
2028 2495 2167 2562 docendo
2189 2501 2221 2562 et
2244 2497 2320 2563 scri-

579 2597 680 2662 bendo
702 2595 912 2676 illustrarunt,
932 2593 1167 2676 properabimus
1188 2611 1225 2658 ac
1239 2592 1418 2674 praemissis
1432 2591 1518 2672 prius
1531 2592 1700 2656 Raetorum
1714 2593 1900 2676 nominihus,
1919 2593 2136 2660 Professorum
2151 2597 2318 2662 secundum

489 2743 493 2754 .
579 2695 780 2762 Facultatum
800 2693 951 2775 ordinem,
973 2694 1055 2760 vitas
1078 2696 1111 2757 et
1128 2693 1280 2774 imagines
1300 2691 1340 2756 ad
1361 2691 1464 2758 sivum
1484 2707 1648 2772 expressas
1670 2691 1822 2776 dabimus,
1842 2697 1887 2774 ut,
1909 2712 2043 2775 quorum
2064 2695 2269 2761 eruditionem
2286 2697 2319 2762 in

580 2795 706 2877 scriptis
727 2793 904 2876 admiraris
925 2812 1031 2860 eornm
1053 2811 1176 2876 quoque
1197 2791 1301 2858 vultus
1321 2791 1354 2857 in
1375 2791 1434 2856 hoc
1455 2794 1576 2872 spectes
1597 2790 1687 2856 libro.

684 2991 713 3060 *)
733 2990 913 3048 Hadnmarius
931 2989 1013 3046 habet
1029 2988 1204 3058 patrociniis.

1258 3199 1645 3210 —nn-—n—-u-——un—

732 3436 801 3510 Sed
819 3437 906 3509 haec
922 3437 1106 3509 hactenus:
1134 3436 1258 3527 quibus
1275 3442 1418 3528 praeter
1434 3437 1521 3510 ahos
1541 3437 1675 3511 fruetus
1692 3439 1773 3512 inde
1792 3439 1977 3531 capiendos
1993 3444 2323 3519 commendationem

584 3551 757 3646 quandam
782 3549 975 3626 studiorum
1003 3551 1039 3623 in
1060 3551 1126 3624 hac
1150 3550 1328 3624 academia
1350 3557 1491 3626 strenue
1507 3552 1777 3644 exercendorum
1794 3558 1987 3630 censuimus
2005 3561 2182 3632 contineri.
2233 3561 2324 3634 Nam

585 3669 741 3762 quamvis
762 3667 909 3739 multum
931 3665 1041 3756 absit,
1067 3670 1107 3738 ut
1129 3671 1262 3740 tantam
1287 3667 1451 3758 gloriam,
1483 3674 1646 3759 quantam
1670 3669 1771 3760 pleno
1800 3693 1861 3744 ore
1885 3672 1996 3745 bonus
2023 3676 2191 3748 Dilichius
2216 3697 2317 3767 prae-

584 3781 679 3854 dicat
705 3801 873 3874 perquam
900 3780 1101 3872 liberaliter,
1128 3781 1234 3851 etiam
1259 3787 1380 3852 nostra
1402 3786 1517 3854 aetate
1533 3782 1764 3874 Marburgum
1791 3786 1859 3858 sibi
1882 3789 1995 3877 possit
2020 3789 2206 3880 vindicare,
2234 3790 2319 3862 nihil

585 3903 702 3970 tamen
728 3896 864 3988 obstat,
890 3896 1071 3986 quominus
1096 3893 1236 3968 easdem
1260 3894 1371 3967 laudis
1396 3897 1490 3987 viaS,
1516 3917 1606 3988 quae
1631 3899 1751 3970 statim
1778 3899 1821 3971 ab
1848 3901 1947 3973 initio
1973 3907 2188 3976 monstratae
2214 3910 2323 3995 erant,

583 4032 646 4084 vos
670 4012 738 4101 ipsi
758 4011 1034 4105 persequamini,
1071 4011 1330 4083 commthones.
1390 4009 1530 4083 Etenim
1562 4031 1606 4083 ex
1628 4012 1754 4084 civium
1782 4011 1955 4086 industria
1976 4016 2144 4108 bonisque
2169 4019 2323 4090 moribus

583 4127 750 4198 honorem
773 4123 868 4197 haud
894 4124 1102 4197 mediocrem
1136 4127 1192 4198 vel
1220 4127 1256 4198 in
1283 4145 1411 4216 parvas
1435 4125 1630 4198 redundare
1655 4127 1864 4221 academias,
1898 4137 2165 4204 consentaneum
2193 4139 2257 4224 est,
2287 4139 2323 4205 et

585 4240 753 4333 siquidem
785 4239 897 4312 lamae
929 4240 1114 4313 celebritas
1144 4261 1213 4313 non
1246 4241 1358 4312 minus
1392 4260 1495 4332 quam
1525 4242 1707 4330 imperium
1738 4242 1839 4316 facile
1871 4244 1926 4316 his
1968 4246 2102 4318 artibus
2139 4249 2322 4337 retinetur,

585 4353 708 4445 quibus
730 4355 829 4428 initio
855 4361 957 4446 parta
980 4361 1055 4447 est,
1089 4355 1276 4448 plurimum
1302 4354 1347 4427 ad
1371 4355 1623 4430 honestandam
1645 4356 1842 4430 academiae
1877 4367 2019 4432 nostrae
2043 4383 2167 4434 nomen
2192 4364 2217 4434 ii
2245 4384 2324 4436 con·

585 4469 718 4562 ferent,
753 4468 876 4562 quibus
909 4470 1116 4542 obversetur
1147 4475 1229 4543 ante
1261 4470 1378 4543 oculos
1408 4469 1492 4542 illud
1525 4491 1546 4542 a
1581 4471 1741 4562 Philippo
1769 4473 1991 4566 Magnanimo
2022 4478 2056 4548 in
2087 4477 2171 4566 ipsis
2203 4478 2323 4567 primis

586 4585 687 4657 huuius
713 4584 850 4656 scholae
875 4584 1010 4675 legibus
1036 4584 1203 4678 edictum:
1237 4583 1355 4656 Satius
1379 4592 1431 4656 ert
1456 4592 1489 4657 et
1512 4585 1721 4678 reipublicae
1745 4589 1929 4660 coamdiar
1948 4613 2084 4683 paucos
2106 4589 2245 4681 tubere,
2267 4596 2325 4688 qni

586 4697 670 4770 benc
693 4705 879 4770 monentem
904 4700 1062 4788 uadunt,
1101 4702 1277 4772 amiciret
1307 4702 1447 4792 patriae
1476 4703 1669 4792 profuturi,
1702 4701 1873 4798 laurusque
1904 4728 1986 4775 arna
2016 4712 2111 4777 recle
2145 4707 2323 4794 collocent,

587 4835 686 4907 quam
709 4813 841 4902 maltos,
868 4816 926 4908 qui
949 4815 984 4884 ia
1007 4837 1162 4906 magnum
1184 4817 1237 4886 sai
1263 4815 1409 4886 dedecus
1432 4818 1525 4885 citae
1549 4816 1761 4888 insolentiam
1785 4825 1912 4889 lonium
1936 4824 2077 4910 seclari,
2104 4828 2206 4918 atquc
2230 4824 2324 4892 irre-

585 4927 775 5020 parabilem
801 4933 961 5021 temporis
979 4934 1159 5020 jacturam
1180 4933 1305 5021 succro
1325 4949 1395 5000 aaa
1420 4937 1613 5003 vereantur.
