5534 6984
648 848 716 924 132

645 1045 806 1114 doctrinae
824 1040 1019 1109 incunabulis
1039 1039 1081 1106 ad
1101 1040 1225 1125 legum,
1255 1058 1376 1107 morum
1400 1040 1541 1125 jurisque
1568 1040 1734 1107 scientiam
1760 1040 1794 1106 in
1816 1039 2034 1123 Marpurgensi
2056 1041 2221 1108 Academia
2243 1044 2383 1125 defluxit,

648 1163 743 1228 quarn
770 1143 915 1224 deinceps
942 1142 974 1207 in
1000 1140 1122 1207 Galliae
1151 1145 1185 1205 et
1212 1140 1324 1207 Italiae
1350 1140 1526 1209 academiis
1554 1140 1675 1207 limavit
1705 1142 1828 1207 omnino
1855 1141 1986 1224 politius
2013 1146 2046 1206 et
2071 1142 2262 1223 perlustrata
2288 1146 2384 1211 etiarn

644 1243 769 1311 Adime
787 1243 892 1308 insula
909 1240 1047 1322 Malthn,
1074 1258 1155 1322 quae
1174 1240 1267 1307 hodie
1288 1239 1461 1306 Christiani
1488 1241 1572 1306 orbis
1601 1241 1689 1305 velut
1714 1240 1987 1323 propugnaculum
2007 1241 2166 1324 quoddam
2185 1246 2250 1323 cst,
2278 1262 2383 1309 rerum

645 1346 785 1426 ipsarum
805 1361 872 1425 usu,
895 1360 988 1423 quem
1008 1360 1026 1407 e
1044 1340 1220 1422 longinquis
1241 1339 1323 1407 adeo
1340 1340 1468 1421 collegit
1486 1340 1798 1422 peregrinationibus
1818 1340 2013 1405 confirmavit
2030 1359 2135 1423 porro.
2177 1341 2384 1422 Caeteroquin

647 1462 686 1511 ex
705 1442 792 1509 hisce
809 1442 974 1507 itineribus
1000 1442 1099 1507 redux
1127 1458 1224 1521 quurn
1245 1456 1328 1504 anno
1348 1439 1497 1505 MDGXV
1515 1439 1623 1503 Martii
1643 1439 1749 1503 XXIX
1771 1440 1913 1505 oratione
1934 1440 2058 1523 lugubri
2079 1440 2188 1506 habita
2208 1446 2384 1523 promptam

644 1548 680 1609 et
697 1547 843 1626 paratam
871 1542 905 1607 in
932 1540 1109 1625 perorando
1130 1558 1258 1621 operam
1280 1539 1484 1619 ostendisset,
1516 1538 1592 1603 XXI
1611 1536 1687 1619 Maji
1715 1538 1748 1603 in
1776 1538 1992 1606 Professorum
2023 1540 2195 1622 asscriptus
2222 1558 2385 1605 numerum

645 1644 790 1710 oratoris
813 1642 905 1708 simul
924 1659 962 1706 ac
975 1640 1095 1722 syndici
1112 1657 1225 1704 munus
1241 1656 1353 1703 curare
1369 1638 1506 1720 jubetur.
1548 1637 1685 1717 Ideoque
1700 1636 1786 1703 Junii
1799 1639 1873 1704 XIV
1894 1643 2036 1707 oratione
2058 1641 2097 1705 de
2115 1657 2201 1705 more
2221 1640 2385 1706 lectionem

644 1742 844 1825 auspicatus,
872 1741 933 1808 XX
957 1741 1073 1807 mensis
1102 1738 1241 1821 eJusdem
1264 1757 1285 1802 a
1305 1737 1473 1802 Goeddaeo
1495 1735 1524 1801 J.
1546 1736 1584 1801 U.
1606 1736 1749 1802 Doctoris
1778 1737 1947 1804 honoribus
1976 1746 2104 1805 ornatur
2133 1744 2167 1805 et
2196 1739 2288 1806 simul
2316 1758 2384 1807 cum

644 1842 801 1909 Matthaei
820 1841 1012 1909 Wesenbecii
1031 1845 1125 1922 nepte
1143 1838 1271 1919 nuptias
1293 1838 1431 1903 celebrat
1443 1837 1479 1918 ¹).
1521 1836 1570 1901 De
1590 1836 1725 1917 imagine
1746 1856 1822 1902 vero
1844 1837 2032 1905 Schonleldii
2053 1840 2199 1922 Eglinus:

1129 1938 1254 1993 Rdwtoru
1272 1936 1431 2005 Sobonfeldr‘
1447 1936 1577 2004 fornrons
1590 1936 1672 2005 poris
1689 1951 1740 1991 oro
1757 1936 1870 2005 diserto,

1164 2023 1321 2090 dominu,
1340 2022 1423 2078 Cotta
1440 2021 1575 2092 Sprrdicm
1592 2022 1674 2091 inque
1688 2022 1790 2091 echols,

1134 2110 1172 2169 Ut
1188 2110 1357 2181 cognomines
1374 2126 1416 2177 es,
1435 2109 1557 2165 columen
1574 2109 1613 2163 sic
1628 2108 1733 2179 moade
1747 2112 1875 2180 parentis

1163 2196 1278 2267 Affecti,
1296 2211 1429 2267 expresso
1444 2194 1564 2250 nosceris
1581 2194 1679 2264 effigie.

1335 2456 1500 2523 Jacobns
1527 2457 1706 2541 Thysius,

1366 2563 1471 2632 Legum
1489 2564 1666 2635 Licentistus,

744 2683 978 2767 antuerpianus
998 2681 1104 2764 patria
1125 2680 1235 2763 primis
1262 2679 1429 2747 literarum
1457 2680 1672 2747 fundamentis
1699 2681 1731 2746 in
1754 2680 1865 2763 patriis
1888 2680 2066 2763 Gymnasiis
2088 2687 2121 2747 et
2141 2682 2274 2749 Lovanii
2291 2684 2385 2766 jactis

647 2785 688 2852 ad
716 2802 803 2867 spem
831 2782 982 2849 uberioris
1015 2780 1176 2846 doctrinae
1203 2779 1406 2862 Marpurgurn
1440 2782 1540 2863 primo
1575 2788 1670 2862 atquo
1706 2781 1779 2847 dein
1807 2780 2062 2863 Heidelbergam,
2095 2781 2325 2861 lngolstadium
2352 2790 2386 2851 et

646 2885 785 2952 visitatis
811 2882 933 2949 Galliae
963 2886 996 2947 et
1024 2880 1204 2946 Pannoniae
1238 2880 1313 2945 locis
1348 2881 1575 2962 compluribus,
1610 2882 1752 2947 Paduam
1782 2881 1895 2946 Italiae
1929 2880 2150 2961 commigravit.
2202 2882 2240 2948 In
2274 2884 2386 2965 quibus

646 2984 825 3051 Academiis
845 3001 939 3065 quum
959 2981 1093 3046 Poeseos
1113 2985 1145 3045 ct
1166 2980 1341 3061 linguarum
1362 2980 1512 3062 Latinae,
1532 2981 1674 3062 ItalIcae,
1703 2980 1858 3063 Gallicae,
1888 2980 2075 3061 Hispanicae
2096 2980 2155 3045 sibi
2176 2990 2387 3065 comparasset

646 3083 869 3166 experientiam
889 3098 966 3147 sane
985 3081 1160 3163 egregiam,
1187 3097 1223 3144 eo
1245 3080 1447 3144 scientiarum
1476 3079 1602 3144 illarum
1628 3081 1765 3147 encomio
1790 3080 1961 3145 Hessorum
1982 3079 2113 3161 principi
2133 3080 2283 3147 Mauritio
2305 3102 2387 3149 com·

647 3182 856 3264 mandatus‘)
886 3187 983 3261 atque
1009 3180 1042 3245 in
1069 3179 1173 3244 aulam
1199 3184 1343 3260 vocatus,
1382 3198 1453 3245 cum
1479 3197 1536 3262 per
1565 3198 1663 3245 annos
1697 3180 1809 3261 viginti
1840 3180 2022 3246 inservisset
2049 3180 2165 3260 partim
2195 3180 2227 3245 in
2257 3201 2386 3250 munere

649 3280 897 3362 bibliothecarIo,
916 3280 1034 3361 partim
1049 3279 1083 3345 in
1103 3278 1280 3361 linguarum
1301 3279 1494 3345 exoticarum
1514 3280 1793 3363 interpretatione,
1822 3298 1903 3345 anno
1924 3277 2073 3344 MDOXV
2096 3278 2136 3344 ab
2157 3280 2225 3362 ipso
2247 3283 2388 3366 principe

647 3381 858 3449 Historiarum
879 3384 912 3445 ct
932 3379 1064 3445 Poescos
1092 3377 1250 3461 prolcssor
1276 3379 1478 3445 constituitur
1504 3378 1646 3462 publicus
1676 3397 1782 3445 menso
1805 3378 1906 3461 Maj0,
1938 3381 1976 3443 ut
2004 3378 2186 3444 succederet
2206 3380 2386 3450 Kirchnero.

647 3478 708 3548 Hic
727 3499 823 3564 quum
840 3496 923 3546 anno
944 3477 1095 3545 MDCXX
1116 3476 1325 3544 dimissionem
1346 3479 1508 3561 petiisset,
1532 3497 1602 3544 eam
1622 3480 1854 3562 impetravit³).
1896 3478 1978 3544 Hinc
1999 3477 2045 3544 illi
2067 3476 2144 3545 haec
2164 3478 2367 3565 Fabroniuszj

1132 3578 1250 3647 Ibysins
1266 3578 1374 3647 ingenio
1388 3584 1538 3647 praestana
1555 3585 1637 3647 atque
1653 3580 1760 3635 ortibus
1777 3580 1843 3646 illr's,

1166 3664 1248 3733 Queie
1263 3663 1366 3733 popuii
1383 3680 1417 3719 ec
1429 3681 1575 3735 procerum
1594 3667 1757 3720 conciliatur
1772 3666 1870 3732 honos,

1131 3747 1297 3815 Genaunes,
1315 3749 1418 3816 Italos,
1438 3750 1536 3805 Gallos
1554 3756 1581 3804 et
1599 3752 1732 3805 Personas
1750 3752 1822 3805 inter

1164 3835 1308 3889 Romanae
1324 3835 1461 3905 increpuit
1476 3837 1584 3905 plectra
1601 3853 1702 3891 sonoro
1721 3838 1804 3907 lyrae.

1130 3920 1304 3989 Linquor-um
1322 3921 1458 3990 interpres
1476 3923 1517 3976 bis
1536 3922 1613 3975 denis
1630 3923 1733 3977 claruit
1749 3924 1831 3977 annis

1165 4007 1299 4061 Mauritii
1317 4007 1469 4061 Bessorum
1488 4008 1631 4077 Principis
1649 4010 1782 4076 obsequio.

1130 4091 1202 4146 Post
1219 4098 1277 4146 toto
1295 4093 1429 4148 buteriae
1444 4110 1498 4162 per
1511 4095 1627 4163 pulpito
1645 4094 1726 4148 docte
1741 4096 1886 4164 professus

1165 4179 1317 4248 Morpurpi
1336 4180 1424 4234 lustro
1441 4196 1497 4234 non
1513 4182 1571 4235 sine
1589 4180 1670 4235 laude
1683 4181 1751 4248 suit.

1131 4264 1301 4319 Indeserta
1318 4266 1420 4335 Belgas
1435 4266 1547 4334 repetit,
1565 4267 1621 4319 sint
1638 4273 1746 4321 coetero
1763 4283 1853 4335 euros,

1168 4350 1254 4419 Οιψω
1270 4367 1339 4405 cura
1349 4352 1424 4420 fuit,
1442 4353 1502 4407 uita
1513 4351 1637 4421 fidesque
1654 4354 1723 4408 Deo.

650 4460 694 4525 ht
715 4458 747 4524 in
767 4458 902 4541 effigiem
924 4455 1061 4539 ejusdem
1082 4454 1228 4536 Eglinus:

1134 4554 1253 4622 Ibyaius
1271 4552 1416 4607 Historiae
1432 4552 1534 4608 uindex
1551 4555 1705 4624 Latiaeque
1721 4555 1841 4611 medulla

1168 4638 1318 4707 Calliopes,
1334 4640 1403 4707 pari
1417 4638 1595 4709 deliciumque
1613 4643 1686 4711 styli,

1133 4726 1307 4795 Linquurum
1324 4725 1458 4794 interpres
1475 4727 1631 4793 canaram,
1653 4729 1835 4797 Jureperitns,

1167 4811 1368 4881 Belgarumque
1380 4808 1474 4879 decus,
1489 4812 1575 4881 frons
1593 4814 1666 4882 quod
1685 4821 1784 4884 operto
1800 4820 1886 4870 nomi.

653 4924 1039 4943 *nm*—

751 5022 779 5090 1)
797 5021 876 5076 Anno
897 5024 964 5075 1624
983 5035 1079 5075 munus
1098 5018 1203 5091 syndici
1222 5019 1376 5076 consistorii
1396 5020 1546 5075 Cassellani
1565 5020 1645 5089 adiit;
1664 5027 1784 5077 mortuus
1802 5028 1844 5078 eet
1863 5021 1992 5078 cassellis
2010 5038 2034 5078 a.
2054 5024 2128 5077 1625.

750 5109 780 5264 ἐξ
797 5108 1084 5249 ξξὲἰὶἲιὲῗίἓεζωηυε
1106 5191 1134 5247 in
1158 5191 1274 5262 collegio
1298 5191 1452 5261 Adelphico
1473 5191 1637 5249 Mauritiano
1667 5194 1796 5249 cassellis
1822 5193 1954 5262 suscepit,
1984 5194 2030 5248 ubi
2056 5209 2080 5248 a.
2104 5198 2169 5248 1628
2195 5200 2313 5250 mortuus
2335 5196 2384 5246 est

652 5278 773 5351 Principi
791 5296 808 5337 s
824 5280 936 5337 secretis
953 5286 982 5335 et
999 5295 1016 5334 a
1033 5277 1199 5335 bibliotheca
1216 5278 1317 5349 iuerat,
1337 5279 1494 5348 priusquam
1513 5278 1674 5373 professoris
1692 5296 1787 5335 munaus
1804 5279 1831 5335 in
1851 5279 1928 5337 acad.
1948 5280 2085 5348 Msrburg.
2105 5281 2215 5335 subiret.
