5534 6984
2073 826 2149 899 119,

411 1017 575 1105 supererit
600 1018 663 1101 ita,
692 1019 731 1083 nt
756 1012 966 1081 admiratione
993 1018 1079 1081 esset
1102 1014 1247 1081 omnibns
1276 1018 1311 1081 et
1334 1032 1396 1082 non
1426 1016 1459 1081 in
1490 1014 1725 1083 humanioribus
1752 1014 1861 1099 modo,
1893 1015 2000 1100 lingue
2026 1016 2145 1087 scilieet

410 1120 527 1187 boum
545 1123 579 1185 et
598 1116 738 1198 Graeca,
766 1114 904 1197 itemque
925 1112 1035 1196 Poeni,
1061 1112 1117 1179 sed
1135 1113 1169 1179 in
1190 1112 1384 1195 pedoribus
1406 1115 1500 1181 etium
1526 1114 1589 1183 illis
1615 1113 1738 1181 ertibus
1767 1120 1801 1182 ct
1821 1114 1990 1199 disciplinis
2010 1116 2144 1201 Logieis,

410 1218 547 1301 lltbicis,
569 1215 735 1283 Historiois
756 1219 790 1281 et
809 1214 1002 1296 Theologicis
1022 1211 1284 1295 expectationem,
1305 1230 1402 1295 quem
1422 1212 1462 1279 de
1482 1230 1516 1280 se
1537 1214 1729 1297 concitarat,
1757 1214 1929 1283 sustineret
1947 1221 1980 1283 et
2001 1222 2145 1287 tueretur

410 1318 547 1401 egregie.
587 1314 792 1383 Postmodum
811 1331 895 1379 anno
914 1308 1063 1377 Muxcv
1082 1310 1217 1377 eundern
1238 1311 1372 1395 medum
1392 1312 1557 1395 tigmentis
1577 1317 1611 1379 et
1628 1313 1751 1395 gratioe
1769 1314 1802 1380 in
1818 1314 1939 1399 Repub.
1958 1316 2148 1386 Academico·

411 1417 516 1485 tenuit
533 1416 698 1501 lividius.
739 1413 803 1483 Sed
823 1412 948 1479 demum
966 1428 1061 1495 quum
1080 1428 1180 1477 annos
1200 1410 1302 1477 odhuc
1322 1429 1434 1479 norem
1460 1413 1494 1479 in
1521 1412 1652 1479 docendi
1678 1430 1807 1479 munere
1827 1415 1997 1498 exegisset,
2024 1416 2144 1485 viribus

410 1516 549 1601 corporis
577 1514 687 1582 noctis
712 1530 795 1580 enno
815 1508 953 1577 Mitem
978 1509 1019 1576 sb
1044 1510 1208 1598 illustriss.
1232 1510 1447 1597 Principibus,
1481 1511 1656 1580 substituto
1683 1512 1717 1579 in
1743 1512 1826 1581 illius
1853 1512 1956 1583 locum
1980 1514 2144 1599 Rudolpho

411 1614 559 1684 Godenio
578 1612 708 1683 Senium
726 1610 805 1679 rude
824 1610 962 1677 donetus
982 1609 1062 1677 obiit
1080 1626 1175 1678 senex
1186 1607 1231 1694 ¹).

1077 2006 1098 2074 J
1102 2023 1240 2074 oannes
1260 2006 1476 2075 Perincrius

508 2196 763 2265 Vrstislsriensis
790 2192 963 2281 Silesins¹)
991 2214 1088 2279 quum
1112 2195 1146 2261 in
1171 2194 1341 2262 Academia
1366 2194 1612 2277 Wittcbcrgensi
1641 2197 1789 2281 auspiciis
1819 2198 1961 2281 inprimis
1989 2204 2023 2269 et
2048 2200 2145 2269 ductu

414 2296 520 2379 magni
539 2296 624 2365 illius
644 2295 781 2380 Philippi
793 2294 1031 2379 Melanebtonis‚
1051 2296 1101 2363 cui
1119 2292 1265 2363 imulari
1282 2312 1380 2378 mare
1399 2312 1463 2361 non
1480 2294 1582 2379 duxit,
1602 2296 1746 2365 docmina
1767 2302 1802 2365 et
1820 2299 2009 2381 optimarum
2029 2300 2144 2367 erbum

412 2396 528 2465 studiis
542 2396 695 2479 eruditus,
715 2413 866 2463 summam
887 2396 920 2461 in
932 2394 1134 2479 Pnssompnis
1145 2393 1285 2463 lennem
1299 2401 1510 2477 consequutus
1531 2400 1624 2480 esset,
1645 2396 1774 2480 Brigam
1794 2398 1835 2463 nd
1846 2400 1875 2483 ³)
1896 2399 2145 2467 constituendum

412 2495 549 2565 scholam
570 2500 729 2563 evocetur.
770 2494 834 2563 Sed
860 2495 944 2562 enim
968 2512 1064 2579 quum
1090 2500 1220 2578 propter
1246 2494 1406 2578 religionis
1432 2494 1568 2561 studium
1596 2495 1687 2562 istius
1717 2496 1778 2565 loci
1800 2496 1952 2579 Theologi
1971 2498 2146 2565 moererent

410 2596 567 2663 bominem
587 2601 620 2661 et
639 2612 733 2679 quem
751 2594 896 2677 colligere
915 2595 944 2661 is
964 2595 1123 2678 cupiebat,
1143 2594 1241 2661 Duos
1263 2593 1425 2675 Brigensis
1448 2593 1665 2661 exulcerarent
1685 2596 1838 2680 gutum,
1868 2596 2015 2666 dimissus
2036 2616 2145 2665 rursus

410 2694 618 2778 linrpnrgum
637 2695 674 2761 P.
695 2694 730 2761 P.
756 2694 847 2778 iussu
875 2700 1040 2776 evocatur,
1072 2698 1111 2759 ut
1136 2692 1259 2775 Pageni
1289 2692 1442 2776 nugatur
1467 2712 1606 2761 munere.
1655 2694 1757 2774 Quum
1786 2696 1893 2778 ituque
1920 2696 2013 2763 XIIX
2033 2695 2143 2765 Octob.

409 2812 493 2863 enno
514 2794 711 2861 MDLXXVI
735 2793 798 2861 huc
824 2812 894 2861 cum
920 2794 1040 2861 inullis
1066 2794 1257 2877 appulisset,
1283 2794 1360 2861 lllll
1381 2794 1431 2859 die
1452 2792 1598 2860 ianuarii
1626 2812 1708 2861 nnnc
1729 2794 1909 2863 DLXXVIl
1934 2796 2078 2868 cretione
2105 2796 2144 2865 de

409 2898 540 2963 mente
559 2892 741 2977 Solymnnni
766 2893 855 2962 rebie
887 2894 1014 2978 ejusque
1040 2910 1188 2961 suoomsn
1213 2892 1347 2959 terribili
1375 2892 1501 2977 nebim,
1532 2896 1660 2977 postero
1688 2893 1738 2961 die
1766 2894 1908 2962 Guricms
1929 2894 2144 2965 Chronicona

408 2992 626 3060 Melancbtone
652 2997 781 3059 anctum
807 2992 1012 3075 interpretari
1038 2992 1149 3075 coepit
1197 2992 1281 3059 Hinc
1310 2994 1454 3077 sequenti
1483 3012 1565 3061 enno
1592 2994 1770 3079 Dominicn,
1805 2996 1855 3063 cui
1881 2994 2022 3063 Ecclesia
2050 3001 2143 3064 retus

409 3110 521 3160 nornen
540 3092 614 3159 lecit
633 3092 803 3173 Invocerit,
825 3093 866 3158 ob
886 3111 933 3176 eo,
956 3092 1011 3177 qni
1029 3093 1113 3159 vices
1133 3092 1310 3159 sustinebat
1328 3090 1523 3177 concellarii,
1545 3092 1765 3177 discipulorum
1785 3094 1887 3161 coetui
1906 3094 2143 3163 commendatus

410 3192 703 3275 paedagogiamhae
720 3208 833 3259 munus
860 3193 946 3275 iniit,
973 3192 1062 3276 eique
1081 3191 1187 3259 XXIV
1206 3210 1305 3260 annos
1329 3191 1468 3277 proetus
1496 3191 1545 3259 bis
1567 3193 1722 3277 Pectoris,
1748 3194 1842 3261 semel
1867 3194 1988 3261 Duceni
2013 3214 2152 3265 munere-

409 3292 532 3359 interea
559 3292 709 3377 temporis
737 3291 930 3375 perranum.
978 3292 1124 3359 Mortuus
1151 3298 1258 3359 sutem
1284 3296 1335 3359 est
1359 3292 1470 3359 ultirm
1491 3292 1676 3361 Novembris
1705 3292 1756 3359 die
1777 3311 1858 3360 enno
1878 3292 2016 3377 MDOII,
2045 3313 2183 3393 quum·

409 3390 567 3460 docuisset
584 3391 620 3459 in
639 3390 809 3459 deedemia
827 3392 951 3476 publice
969 3390 1076 3459 XXVI
1095 3409 1204 3459 annos
1701 3394 1708 3409 '

1076 3787 1173 3857 Otbo
1198 3788 1484 3873 Gnnlperiuxst),

509 3966 714 4053 Gnnlperium
725 3967 862 4035 Hessum
880 3968 955 4036 tulit
972 3969 1186 4053 Rotebnrgnm
1204 3968 1246 4036 ed
1264 3969 1436 4045 Fnldnm⁸i
1457 3968 1612 4053 oppidum.
1646 3967 1854 4053 caeteroquin
1867 3988 1962 4054 quum
1975 3968 2150 4039 institutus

409 4068 542 4152 optime,
572 4066 708 4151 perfecte
728 4068 883 4151 pleneque
909 4068 1052 4139 eruditus
1082 4074 1181 4152 esset,
1207 4068 1378 4136 dcedemic
1398 4068 1535 4153 ejusdem
1553 4068 1749 4155 potissimum
1769 4086 1879 4153 opere,
1911 4086 2008 4152 quum
2037 4070 2140 4137 isthoc

408 4166 537 4234 docendi
558 4184 685 4235 munere
705 4184 789 4233 anno
807 4166 973 4235 llDXXGI
991 4168 1122 4237 abiisset
1141 4168 1340 4237 Hermannus
1359 4168 1512 4253 Vultejus,
1533 4168 1566 4234 in
1587 4168 1715 4237 Graecis
1734 4170 1868 4253 primum
1890 4175 1924 4238 ct
1941 4168 2140 4255 postmodnm

408 4266 505 4333 ιιιὶιιιιι
524 4266 558 4331 in
578 4264 731 4333 Hebraeis
740 4266 770 4350 ⁸)
790 4266 892 4333 literis
911 4267 1103 4351 explicandis
1122 4269 1170 4336 uti
1191 4268 1296 4336 volunt.
1336 4270 1444 4351 Atque
1465 4267 1663 4353 sicquidem,
1683 4286 1780 4353 quum
1800 4268 1883 4337 inter
1903 4268 2140 4352 Philosopbicee

408 4362 566 4433 nodutis
584 4382 727 4448 proceres
748 4364 797 4432 bis
816 4366 935 4433 Decani
951 4386 1064 4435 munus
1083 4368 1259 4451 peregisset
1278 4387 1299 4435 a
1318 4368 1490 4435 Lubecensi
1510 4368 1682 4451 Republica
1703 4386 1785 4436 anno
1805 4367 1975 4439 unxcm
1991 4368 2033 4441 sd
2054 4368 2140 4437 urbis

408 4463 545 4533 scholnrn
564 4463 800 4547 gubernandam
819 4470 971 4536 creetur
988 4466 1175 4537 Academico
1194 4468 1267 4536 huic
1285 4467 1436 4535 valedixit
1456 4471 1491 4535 et
1511 4466 1670 4535 Lubecnm
1689 4466 1823 4537 decessit
1834 4469 1873 4553 ²).

508 4730 537 4801 1)
554 4730 688 4788 Pictorinx
711 4747 775 4788 enm
797 4733 823 4790 d.
841 4732 943 4792 xvim
960 4734 1017 4793 Jnl
1041 4735 1109 4794 idtio
1130 4736 1235 4795 obiisse
1254 4736 1346 4795 rada
1374 4768 1407 4779 -
1436 4738 1580 4811 Sequitur,
1606 4746 1637 4797 nt
1659 4740 1696 4797 in·
1713 4740 1839 4797 omnibns
1860 4740 1919 4799 iere
1940 4739 2017 4812 ritis,
2040 4738 2148 4809 quibun-

407 4832 503 4875 rersns
520 4818 638 4887 appositi
654 4834 710 4875 non
725 4824 799 4891 sunt,
815 4835 928 4891 pervum
942 4823 1058 4893 spatium
1074 4838 1198 4881 ocenum.

505 4904 535 4973 2)
552 4902 619 4960 (lod
638 4903 758 4961 &boios
775 4935 811 4949 -
827 4906 871 4962 De
886 4909 976 4976 patris
990 4907 1090 4966 Silonis
1106 4924 1200 4967 omnes
1217 4908 1396 4975 comdant,
1416 4908 1505 4967 locum
1522 4910 1641 4968 nstalern
1659 4910 1707 4967 elii
1722 4910 1807 4969 alium
1821 4910 1951 4979 admunt3
1968 4910 2003 4969 ei.
2017 4908 2152 4969 linimen·

505 5332 535 5399 6)
553 5331 620 5390 cod.
634 5334 783 5403 Ηώωώ,
800 5333 873 5403 qnod
890 5334 1147 5395 custodiendis
1162 5341 1212 5395 snt
1226 5337 1256 5395 in
1272 5336 1410 5395 Hebraeis
1426 5334 1591 5395 nnundnm.

504 5418 535 5487 7)
552 5418 607 5475 Ubi
623 5425 745 5477 mortum
760 5426 805 5478 oct
820 5436 845 5477 a
865 5423 940 5479 note
1442 5467 1447 5476 ι
