5534 6984
616 829 659 895 12

610 1023 707 1097 atquo
728 1017 809 1082 inter
830 1033 867 1080 ea
882 1015 1025 1079 Mauritii
1046 1032 1120 1078 cura
1136 1013 1329 1096 Episcopalis
1352 1014 1441 1097 quasi
1462 1014 1550 1078 sedes
1575 1015 1641 1079 sive
1665 1014 1906 1096 Ooresistora‘om,
1936 1021 1973 1081 ut
1995 1023 2125 1099 vocant,
2146 1036 2183 1082 ae
2203 1019 2356 1099 inspectio

610 1117 746 1181 omnium
768 1117 909 1194 Hassiae,
931 1132 1012 1195 quae
1036 1120 1103 1178 turn
1124 1114 1181 1178 sub
1203 1113 1351 1180 Mauritio
1372 1113 1544 1178 Hessorum
1566 1115 1715 1195 principe,
1738 1115 1959 1197 Ecclesiam,
1980 1128 2121 1198 quaeque
2141 1117 2355 1198 superioribus

610 1218 803 1299 temporibus
826 1215 969 1279 Antistiti
993 1214 1179 1294 Moguntiuo
1196 1215 1227 1278 in
1251 1215 1347 1278 saeris
1369 1213 1532 1294 parebant.

732 1317 808 1380 Post
819 1315 994 1395 Philippum
1007 1319 1130 1394 patrem
1144 1331 1266 1394 quoque
1283 1314 1466 1377 Laelooicus
1480 1312 1544 1376 ΙΙΙ
1548 1312 1577 1391 *l
1598 1312 1711 1377 Senior
1733 1317 1937 1392 cognomento
1956 1314 2001 1378 nil
2021 1316 2244 1395 praetermisit,
2266 1314 2351 1396 quod

611 1417 650 1482 ad
669 1415 930 1496 cohonestandum
952 1420 984 1477 et
1005 1413 1256 1494 amplificandam
1269 1412 1350 1476 hanc
1365 1413 1534 1491 civitatem,
1555 1411 1650 1476 fixam
1667 1412 1756 1477 aulae
1775 1432 1852 1478 suae
1867 1414 1981 1492 sedern,
2004 1418 2160 1495 pertinere
2174 1415 2355 1479 ridebatur:

611 1518 697 1598 cujus
712 1515 867 1595 Principis
888 1513 1029 1578 aedilicia
1052 1515 1077 1577 si
1099 1518 1230 1593 spectes,
1254 1511 1420 1576 utilissima
1441 1530 1479 1575 ea
1501 1517 1583 1575 sunt.
1627 1511 1775 1576 Condidit
1789 1514 1872 1576 enim
1891 1514 1924 1576 in
1943 1514 2089 1579 suburbio
2103 1513 2357 1579 Weidcnhusano

610 1615 791 1682 excellentis
823 1616 923 1695 operis
957 1620 990 1678 et
1013 1611 1137 1678 artificii
1166 1613 1292 1692 arctura,
1315 1619 1476 1692 trapetum
1497 1612 1582 1690 item,
1604 1617 1636 1675 et
1657 1613 1845 1691 pistrinam,
1874 1615 2122 1695 arotetriaosque
2150 1613 2358 1678 conficiendae

609 1733 730 1796 papyro
752 1720 785 1778 et
807 1714 946 1778 eudendo
968 1732 1062 1794 cupro
1085 1712 1275 1777 destinatas:
1298 1711 1475 1776 aedificavit
1496 1711 1591 1775 etiarn
1613 1711 1652 1775 ad
1676 1711 1846 1775 secundam
1865 1713 1946 1776 arcis
1969 1731 2077 1778 aream
2099 1715 2194 1778 aedes
2213 1713 2356 1794 panificia

610 1821 643 1880 et
664 1815 830 1879 cerevisiae
852 1813 1031 1894 coquendae
1053 1812 1258 1877 constitutas:
1287 1810 1465 1875 aedificarit
1493 1810 1626 1891 denique
1656 1810 1762 1874 villam
1795 1812 1935 1891 proxime
1962 1813 2071 1877 urbem
2099 1813 2295 1894 splendidam
2316 1812 2356 1876 ab

611 1915 699 1980 olore
722 1913 961 1978 denominatam.
1004 1913 1077 1978 Eut
1101 1912 1265 1996 &obcaecet
1289 1931 1353 1994 gum
1375 1910 1516 1992 &obtenu

737 2015 841 2094 Atque
869 2015 915 2078 ita
936 2013 1060 2094 quidem
1089 2012 1222 2076 maxirna
1253 2011 1324 2075 huic
1352 2011 1424 2074 urbi
1446 2013 1631 2074 ornamenta
1658 2009 1864 2074 conciliarunt
1891 2010 2041 2074 hactenus
2063 2010 2242 2092 Principum
2264 2011 2355 2091 Aula,

611 2113 802 2178 Teutonicus
823 2113 916 2202 ordo,
943 2112 1118 2177 Dicasteria
1140 2116 1172 2176 et
1193 2109 1378 2192 Academia,
1406 2114 1442 2174 ut
1469 2127 1486 2173 e
1511 2127 1650 2189 paupere
1677 2109 1843 2189 municipio
1874 2110 2042 2190 opulenta,
2069 2128 2087 2173 e
2115 2129 2215 2190 parva
2243 2127 2356 2190 magna

611 2211 722 2280 effecta
743 2213 786 2277 sit
808 2211 870 2292 illa,
893 2225 926 2276 et
947 2212 979 2276 in
1000 2213 1196 2292 tuguriorum
1218 2214 1314 2290 atque
1335 2227 1481 2274 casarum
1502 2209 1603 2274 locum
1623 2207 1716 2273 aedes
1738 2208 1891 2274 subierint
1919 2227 2052 2290 prorsus
2075 2209 2265 2290 magnificae.

928 2507 993 2578 DE
1017 2507 1302 2579 ACADEMIAE
1329 2504 1702 2578 MARPURGENSIS
1729 2504 2046 2578 FUNDATIONE.

735 2684 913 2751 Secundam
934 2684 1025 2767 hujus
1045 2685 1117 2750 libri
1138 2690 1272 2768 partem,
1294 2686 1489 2751 Academiae
1510 2685 1656 2750 videlicet
1677 2682 1929 2763 descriptionem,
1952 2702 2035 2748 nunc
2058 2683 2212 2751 dabimus.
2254 2688 2358 2770 Atque

611 2786 691 2850 hane
711 2785 837 2866 quidem
859 2785 1056 2849 Academiam
1079 2787 1236 2865 suspicere
1259 2805 1317 2866 par
1339 2791 1405 2865 est,
1433 2785 1561 2850 laudare
1592 2803 1667 2850 vero
1694 2803 1757 2848 non
1783 2785 2001 2850 necessarium.
2046 2785 2122 2863 Quis
2148 2788 2231 2852 enim
2252 2789 2358 2853 sedem

612 2885 747 2949 omnium
772 2886 920 2948 bonarum
941 2885 1066 2965 artium,
1087 2885 1180 2949 immo
1202 2885 1325 2964 iontem,
1349 2904 1366 2950 e
1390 2903 1452 2965 quo
1474 2885 1563 2948 multi
1586 2884 1779 2964 Sapientiae,
1801 2885 1969 2965 institiae,
1991 2885 2139 2967 Pietatis,
2160 2888 2357 2969 Integritatis
2389 2906 2390 2909 ’

610 2991 645 3050 et
663 2985 869 3064 Eruditiunis,
891 2985 979 3066 quasi
997 2984 1203 3065 limpidissimi
1224 2985 1349 3066 quidam
1371 2991 1403 3049 et
1421 2984 1581 3064 purissimi
1596 2984 1655 3047 rivi
1669 2985 1701 3048 in
1715 2984 1876 3048 universas
1888 2985 2035 3065 Europae
2049 2985 2190 3050 defluunt
2204 2988 2356 3068 regiones,

611 3085 671 3150 nisi
692 3085 843 3166 insipiens
866 3090 923 3148 aut
943 3103 1047 3149 rerum
1070 3085 1206 3151 omniurn
1227 3085 1315 3149 rudis
1336 3084 1455 3149 laceret
1475 3089 1532 3147 aut
1551 3083 1716 3148 mordeat?
1756 3084 1804 3147 Ad
1822 3103 1890 3148 eam
1906 3085 2003 3164 igitur
2020 3082 2225 3173 pergentibus
2242 3088 2356 3152 descri-

611 3184 717 3250 benda
738 3184 799 3250 erit
819 3184 873 3248 illa
894 3184 982 3248 nobis
1003 3186 1035 3248 in
1055 3206 1167 3268 qaaere
1188 3185 1330 3265 primum,
1353 3184 1407 3248 ubi
1429 3183 1468 3247 de
1488 3185 1595 3248 tentiis
1615 3184 1683 3264 ejus
1704 3202 1766 3264 quo
1787 3184 1827 3248 ad
1840 3185 2064 3265 sacerdotiorum
2083 3192 2116 3250 et
2129 3188 2353 3266 imbecillitates,

611 3303 649 3350 ac
678 3283 789 3348 deinde
814 3285 846 3348 in
881 3285 999 3364 speeie,
1031 3285 1082 3349 ubi
1115 3285 1154 3348 dc
1190 3286 1310 3350 atridas
1340 3289 1373 3348 et
1400 3284 1548 3349 uertebris
1577 3283 1780 3363 Academiae,
1808 3302 1871 3364 quo
1901 3284 1943 3348 ad
1971 3286 2115 3350 (terentes
2140 3292 2173 3351 et
2200 3289 2356 3353 discentes

612 3384 782 3465 sigillatim.

734 3484 955 3548 Feret-datorem
974 3482 1051 3545 lraec
1068 3480 1170 3562 jactat
1183 3481 1353 3545 Academia
1375 3482 1574 3563 Philippum,
1597 3482 1771 3547 Hessorum
1794 3482 1965 3563 principem
1994 3484 2238 3563 serenissimum,
2259 3483 2356 3548 heroa

612 3583 757 3648 omnibus
784 3583 942 3647 excultum
968 3581 1146 3645 virtutibus
1196 3582 1245 3660 Is,
1276 3599 1346 3645 cum
1374 3582 1511 3664 pacatis,
1540 3587 1612 3662 post
1636 3582 1838 3646 Rusticormu
1866 3587 1985 3662 motus,
2010 3583 2043 3646 in
2064 3582 2181 3647 Hassia
2208 3583 2302 3648 rebus
2324 3591 2358 3647 et

610 3684 724 3748 amotis
744 3681 909 3763 pontificiis
930 3681 1041 3744 ritibus
1065 3686 1097 3743 ct
1117 3681 1318 3744 caeremoniis
1335 3679 1490 3745 Ecclesiae
1513 3700 1587 3744 suas
1609 3686 1642 3745 et
1664 3681 1811 3745 coenobia
1830 3679 2016 3745 reformaret
2038 3682 2213 3762 diligenter,
2233 3661 2359 3764 iissqui

611 3783 717 3864 parati
736 3787 827 3846 erant
842 3780 1012 3844 l’outiliciis
1034 3778 1308 3858 superstitionibus
1330 3778 1445 3843 bellum
1457 3780 1603 3858 indicere,
1625 3785 1727 3843 certos
1742 3780 1775 3842 in
1789 3798 1887 3844 annos
1907 3780 2036 3861 singulis
2053 3783 2358 3863 eonstituitredituS,

612 3877 724 3964 qulbus
744 3900 777 3945 se
799 3879 962 3944 honestius
991 3881 1206 3942 sustentarent
1232 3877 1388 3958 verboque
1420 3879 1524 3942 diriuo
1553 3896 1665 3944 uacare
1694 3884 1823 3959 possent
1850 3879 1977 3943 melius:
2005 3880 2228 3960 pertinaciores
2253 3888 2359 3946 autern

611 3982 706 4046 libero
729 3981 857 4059 dimisit,
880 3985 914 4042 ut
937 3995 1121 4059 quoeunque
1142 3975 1259 4042 vellent
1280 3977 1557 4058 proficiscerentur.
1602 3979 1671 4055 Qua
1689 3996 1745 4042 sua
1759 3978 1954 4042 humanitate
1971 3979 2126 4060 ultimique
2141 3982 2359 4047 moderatione

611 4081 750 4164 periecit,
772 4085 808 4144 ut
830 4097 936 4142 omnes
958 4078 1023 4141 lere
1045 4081 1164 4157 papatu
1186 4077 1352 4156 repudiato
1377 4077 1514 4141 redirent
1534 4078 1567 4141 in
1589 4077 1679 4157 viam,
1699 4097 1757 4142 nec
1773 4078 1945 4143 mutatione
1967 4079 2021 4142 illa
2042 4079 2252 4146 offenderetur
2274 4083 2358 4161 quis-

612 4200 712 4263 quam.
756 4178 889 4243 Proinde
918 4183 955 4242 ut
983 4178 1073 4258 quasi
1096 4176 1282 4240 domicilium
1305 4181 1425 4241 certum
1447 4183 1544 4258 osset,
1571 4177 1602 4240 in
1629 4197 1689 4258 quo
1710 4196 1785 4241 uera
1806 4179 1949 4248 doctrina
1970 4178 2009 4243 dc
2031 4179 2097 4244 Deo
2119 4186 2152 4244 et
2173 4182 2253 4246 aliae
2273 4185 2357 4244 artes

613 4283 808 4361 linguaeque·
823 4297 887 4342 norr
910 4279 1154 4341 adservarentur
1176 4276 1277 4356 modo,
1305 4294 1412 4340 rerum
1434 4283 1687 4357 propagarentur
1708 4278 1803 4342 ctiam
1825 4283 1857 4342 et
1878 4255 2125 4344 dill‘undercutur
2147 4281 2251 4361 latius
2272 4279 2359 4343 inde

612 4400 672 4462 que
693 4381 752 4444 viri
779 4398 848 4444 cunr
870 4378 1047 4456 Ecclesiae,
1079 4382 1145 4440 tum
1176 4375 1313 4456 Reipub:
1342 4376 1562 4457 gubernandae
1592 4378 1645 4456 qui
1674 4383 1795 4457 esseut,
1827 4379 1989 4459 prodirent
2017 4379 2204 4460 complureS,
2235 4385 2358 4445 urature

613 4499 739 4546 suorum
767 4497 943 4560 procerum,
968 4495 1004 4541 ac
1031 4477 1180 4557 imprimis
1209 4476 1349 4540 Joouuts
1378 4478 1487 4542 Finiat
1508 4477 1708 4541 Lielrteaeer't
1736 4475 1921 4541 Cancellarii
1948 4482 2014 4541 turn
2042 4479 2190 4558 temporis
2215 4478 2358 4559 Hassiae,

613 4581 738 4645 honoris
761 4596 871 4643 caussa
892 4577 1004 4642 merito
1026 4575 1075 4640 lric
1097 4577 1179 4640 iuter
1200 4576 1318 4657 primos
1341 4575 1532 4657 nominandi,
1556 4577 1681 4640 consilio
1701 4576 1886 4641 MDXXVH
1907 4577 1939 4641 S.
1960 4595 2041 4640 auno
2063 4577 2122 4642 lrac
2142 4579 2175 4641 in
2196 4579 2283 4660 urbe,
2305 4581 2360 4645 ubi

614 4688 709 4746 natus
731 4685 763 4744 et
784 4678 935 4742 educatus
957 4676 1076 4749 fuerat,
1107 4675 1246 4740 scholam
1268 4676 1395 4756 aperuit
1417 4677 1589 4757 publicam,
1616 4676 1755 4740 evocatis
1783 4675 1855 4739 lrinc
1886 4677 1957 4739 inde
1978 4695 2035 4757 per·
2056 4677 2211 4758 stipendia
2232 4697 2269 4744 cx
2285 4701 2355 4762 pro

615 4779 761 4844 rentibus
786 4777 1015 4842 Ecclesiasticis
1039 4776 1157 4857 opima,
1187 4792 1267 4855 quae
1299 4775 1460 4857 δίδακτρα
1490 4775 1618 4855 Gracci,
1638 4776 1745 4842 Latini
1770 4775 1956 4840 Minervalia
1994 4777 2168 4858 appellant,
2203 4798 2356 4860 perquam

615 4879 791 4958 commode,
824 4877 899 4941 viris
926 4876 1009 4940 ornni
1040 4876 1250 4940 doctrinarum
1280 4892 1396 4955 genere
1418 4874 1683 4940 exercitatissimis
1709 4881 1746 4938 ut
1765 4873 1888 4955 uigilias
1913 4880 2048 4956 votaque
2073 4877 2248 4957 juventutis
2270 4879 2360 4958 adju-

616 4983 726 5042 varent
748 4978 912 5042 studiosae
933 4981 966 5040 et
988 4973 1247 5055 quemadmodum
1269 4980 1414 5055 aspectus
1434 4974 1653 5040 aeireumluso
1671 4980 1745 5038 abre
1760 4974 1864 5039 lumen
1876 4975 1996 5056 accipit,
2018 4975 2064 5038 ita
2081 4996 2169 5043 nrerrs
2187 4977 2358 5042 adoctrina

616 5085 651 5142 et
674 5077 751 5144 haec
778 5076 817 5141 ab
840 5075 1038 5140 institutione
1070 5074 1350 5156 illustraretur-m).
1393 5075 1461 5140 Hoc
1481 5075 1591 5154 modo,
1613 5074 1697 5155 quod
1724 5075 1818 5140 semel
1839 5075 1906 5139 Deo
1928 5073 2066 5140 dicatum
2087 5077 2191 5143 fuerat
2219 5075 2259 5140 ad
2280 5075 2359 5139 alios

718 5248 743 5313 *l
762 5245 886 5298 Eundem
904 5260 987 5310 supra
1006 5249 1033 5296 et
1051 5243 1119 5296 infra
1136 5242 1203 5295 dixit
1221 5249 1357 5310 quartana,
1377 5241 1557 5309 discrepantia
1576 5243 1642 5295 satis
1657 5242 1773 5309 uulgata.

700 5333 744 5399 **)
764 5331 795 5382 Iu
813 5330 932 5396 margine
952 5331 1018 5383 hacc
1033 5328 1176 5395 ‘adscripta
1191 5334 1260 5398 sunt,
1279 5328 1340 5381 loco
1361 5344 1414 5394 quo
1432 5330 1576 5382 inserenda
1595 5330 1649 5382 sint
1662 5345 1716 5382 non
1727 5328 1862 5384 indicato:
1880 5329 1966 5382 Primi
1978 5346 2002 5383 a.
2015 5331 2183 5397 professores
2196 5325 2361 5379 Academiae

615 5419 725 5471 fuerunt
747 5417 907 5470 Franciseus
926 5416 1088 5484 Lampertus
1108 5415 1298 5469 Ariniorrensis
1324 5420 1351 5468 et
1372 5413 1410 5467 M.
1431 5413 1552 5467 Adamus
1570 5414 1644 5468 Cralt
1668 5415 1816 5483 'theologi,
1841 5414 1963 5469 Joannes
1984 5415 2124 5469 Ferrarius
2142 5411 2230 5478 Jnris,
2254 5412 2360 5466 Ericius

616 5503 720 5557 Cordus
738 5503 900 5571 Medicinae,
918 5503 1087 5557 ilerrnannus
1106 5501 1239 5555 anebius
1256 5515 1381 5569 poeseos,
1402 5501 1577 5553 Sebastianus
1594 5502 1734 5568 Angustus
1751 5501 1880 5554 Nucenus
1894 5501 2038 5554 Hebraeae
2054 5501 2162 5566 linguae
2182 5498 2358 5565 professores

616 5606 731 5658 quormn
749 5604 875 5646 numerus
894 5589 1026 5659 paulatim
1044 5589 1184 5658 adauctus,
1205 5585 1291 5643 donec
1304 5589 1409 5654 justum
1427 5586 1591 5641 Academiae
1614 5603 1713 5655 eorpus
1731 5586 1863 5655 principis
1883 5588 2094 5642 constitueretur
2113 5583 2302 5639 munificentia.
