5534 6984
591 856 637 918 att

592 1043 794 1122 llarpurgum
817 1040 974 1120 profectus
1003 1038 1219 1120 philosophiae
1248 1038 1385 1103 studium
1415 1041 1460 1102 sic
1489 1039 1638 1113 excoluit,
1677 1045 1714 1100 ut
1738 1056 1759 1100 a
1785 1036 1948 1100 l'acultate
1977 1036 2194 1117 Philosophia
2222 1037 2334 1118 dignus

587 1143 783 1221 judicaretur
804 1139 977 1218 magisterii
998 1137 1175 1219 honoribus,
1196 1157 1273 1218 quos
1295 1157 1375 1202 anuo
1397 1138 1546 1203 MDGVll
1570 1137 1731 1201 diribitcre
1753 1135 1795 1200 M.
1818 1135 1965 1200 Goelenio
1986 1141 2194 1216 consequutus
2213 1143 2275 1216 est,
2298 1156 2334 1201 ac

591 1245 680 1321 patre
700 1241 855 1316 defuncto,
876 1257 944 1302 curn
959 1237 1116 1301 Ecclesiae
1137 1239 1309 1302 ministerio
1330 1256 1363 1302 se
1385 1244 1600 1301 consecratum
1622 1236 1725 1314 sciret,
1747 1237 1891 1316 deinceps
1914 1236 1945 1298 in
1960 1235 2159 1315 Theologiam
2181 1241 2266 1301 totus
2288 1238 2333 1300 in·

591 1339 715 1404 clarabit.
760 1337 919 1402 Hactenus
936 1343 1041 1401 autern
1058 1355 1127 1401 cum
1139 1342 1303 1417 parentum
1317 1337 1495 1416 sumptibus
1518 1335 1655 1415 vixisset,
1677 1335 1933 1416 promissionibus
1953 1335 2146 1415 superiorum
2164 1354 2333 1416 persuasus

590 1438 777 1517 Majoratum
801 1436 859 1501 sibi
883 1436 1068 1500 demandari
1086 1437 1221 1516 patitur,
1250 1454 1381 1516 eumque
1405 1437 1449 1500 sic
1471 1435 1569 1515 gerit,
1598 1440 1632 1498 ut
1653 1453 1714 1498 ncn
1735 1435 1944 1498 concionando
1968 1434 2070 1498 solum
2092 1439 2125 1499 ct
2146 1433 2334 1516 Theologice

590 1538 781 1618 disputando
811 1557 845 1601 sc
877 1537 977 1616 ipsum
1004 1541 1179 1617 exerceret,
1217 1535 1271 1600 sed
1300 1535 1395 1600 etiam
1424 1534 1647 1614 Philosophicis
1675 1535 1941 1614 disputationibus
1977 1540 2010 1599 et
2047 1535 2333 1612 declamationibus

590 1638 744 1701 institutis
773 1655 841 1701 earn
870 1636 910 1699 ad
939 1654 1004 1699 rem
1032 1635 1188 1715 collegiiS,
1215 1639 1385 1715 praeesset
1435 1636 1527 1699 Anno
1551 1633 1686 1698 lllDGXI
1708 1634 1879 1714 Marpurgc
1907 1634 2037 1700 discedit
2058 1633 2132 1699 alibi
2157 1634 2333 1699 uberiorem

590 1737 770 1802 thesaurum
794 1736 903 1800 usibus
919 1736 945 1816 ¹)
966 1735 1124 1799 Ecclesiae
1146 1733 1313 1814 aliquando
1334 1734 1549 1814 exponendum
1573 1733 1770 1797 collecturus.
1815 1733 1878 1797 Sed
1900 1753 1969 1799 cum
1989 1734 2022 1798 in
2044 1733 2151 1798 schola
2170 1734 2333 1798 Bremensi

590 1837 674 1918 apud
694 1836 824 1901 fratrem
844 1835 1037 1900 Ludcvicum
1059 1834 1270 1898 Professorem
1301 1840 1333 1896 et
1354 1833 1566 1898 Ecclesiasten
1595 1838 1773 1896 versaretur
1801 1838 1896 1913 atque
1922 1841 1989 1897 tum
2008 1832 2090 1898 illius
2113 1841 2179 1898 tum
2199 1834 2334 1898 clarissi-

590 1955 711 2001 morum
734 1937 948 2015 theologorum
971 1935 1008 1998 D.
1030 1934 1125 1998 Pierii
1145 1939 1177 1997 et
1200 1933 1339 1997 lfartinii
1361 1933 1452 1997 docta
1472 1934 1626 2013 gauderet
1649 1933 1891 2012 conversatione,
1913 1932 1954 1996 ab
1977 1933 2111 1998 Hassiae
2131 1934 2332 2013 Landgravio

592 2035 741 2100 Mauritio
762 2035 802 2099 ad
823 2035 1030 2099 Diaconatum
1057 2034 1088 2097 in
1111 2033 1185 2096 aula
1207 2032 1390 2098 Cassellana
1413 2038 1553 2111 vocatur,
1575 2051 1668 2112 quern
1690 2050 1771 2097 anno
1793 2031 1944 2097 MDCXII
1964 2051 2070 2097 mense
2093 2033 2202 2098 Octob.
2225 2033 2333 2098 adiens

592 2137 754 2200 lectionem
784 2136 812 2199 ei
843 2134 1048 2214 theologicam
1075 2133 1106 2197 in
1135 2133 1241 2196 schola
1261 2132 1363 2197 aulica
1393 2134 1561 2214 conjungit.
1605 2131 1733 2211 Collega
1760 2150 1797 2196 ex
1823 2132 1897 2196 aula
1919 2132 2134 2211 Roteburgum
2154 2133 2334 2198 discedente

593 2237 650 2299 An.
672 2235 840 2299 MDCXIII
869 2236 936 2316 ipso
969 2254 1042 2298 vere
1071 2232 1237 2313 primariae
1267 2231 1311 2296 illi
1338 2233 1546 2313 accedunt2),
1576 2239 1609 2296 et
1637 2232 1744 2297 codem
1771 2251 1852 2296 anno
1881 2251 1918 2296 en
1947 2251 2101 2297 consensu
2128 2232 2280 2314 Principis
2301 2238 2334 2296 et

592 2335 778 2399 Academiae
793 2335 909 2415 judicio
930 2333 1095 2413 Marpurgi
1115 2330 1304 2412 Theologiae
1328 2332 1447 2396 Doctcr
1466 2336 1665 2412 nuncupatur
1685 2350 1705 2395 a
1726 2332 1883 2397 Molthero
1898 2332 1988 2396 XIIX
2004 2332 2197 2397 Novembris.
2245 2333 2334 2397 Anno

592 2441 740 2516 sequente
758 2436 790 2499 in
806 2435 958 2514 Principis
972 2432 1264 2511 Brandeburgcnsis
1285 2432 1485 2511 primogeniti
1508 2432 1619 2496 Aulam
1634 2431 1807 2496 Glivensenr
1827 2432 1989 2511 invitatur,
2012 2449 2104 2512 quam
2128 2431 2333 2496 conditionem

590 2554 685 2615 quum
706 2535 793 2615 gravi
818 2535 856 2598 dc
890 2550 1003 2597 caussa
1026 2531 1226 2605 declinasset,
1260 2530 1353 2610 paulo
1382 2538 1456 2612 post
1485 2531 1643 2596 Ecclesiae
1669 2532 1962 2612 Palaeopolitanae,
1990 2550 2072 2611 quae
2104 2531 2250 2596 Cassellis
2277 2537 2334 2607 est,

591 2641 701 2715 pastor
722 2634 935 2698 constituitur.
986 2631 1066 2695 Exin
1094 2631 1220 2695 biennio
1251 2630 1374 2711 elapso,
1400 2649 1470 2694 cum
1492 2632 1653 2696 Scultetus
1681 2632 1768 2712 prius
1787 2631 1816 2696 ei
1845 2650 1883 2696 cx
1903 2631 2043 2695 Marchia
2069 2631 2100 2694 in
2126 2631 2332 2695 Palatinatum

591 2735 752 2798 redit-urus
774 2731 961 2815 persuadere
985 2737 1114 2797 conatus
1136 2730 1262 2808 fuisset,
1294 2735 1331 2793 ut
1353 2729 1547 2810 Septemviro
1567 2731 1820 2810 Brandeburgico
1844 2731 1961 2795 Joanni
1982 2730 2180 2810 Sigismundo
2208 2747 2334 2811 operam

592 2833 748 2898 addiceret
769 2852 872 2912 suam,
902 2831 1030 2896 Crocius
1058 2835 1164 2893 autern
1193 2829 1239 2893 rei
1268 2831 1485 2909 magnitudine
1513 2830 1740 2909 deterreretur,
1771 2837 1803 2895 et
1825 2836 1937 2912 postea
1956 2831 1988 2894 in
2009 2829 2178 2895 Academia
2198 2830 2333 2894 Franco-

591 2933 720 2997 furtensi
743 2932 784 2996 ad
807 2931 943 2996 Oderam
958 2929 1165 3009 Theologicac
1188 2932 1338 2992 vacarent
1360 2929 1579 3009 professiones
1601 2948 1650 2994 an.
1665 2930 1831 2994 MDCXVI
1849 2948 1954 2994 mense
1968 2930 2084 2994 Martio
2104 2928 2333 3011 aSepternviro

591 3035 738 3109 vocatur,
767 3037 803 3095 nt
834 3030 882 3093 sel
902 3028 1122 3111 professionem
1144 3029 1176 3092 in
1202 3027 1387 3108 Academia,
1420 3030 1469 3092 vel
1496 3047 1608 3094 munus
1631 3029 1882 3094 Ecclesiasticum
1911 3030 1944 3094 in
1968 3030 2041 3094 aula
2061 3030 2248 3112 susciperet:
2271 3047 2333 3110 quo

592 3131 685 3193 ctiam
708 3130 830 3193 nomine
856 3129 895 3193 ad
921 3129 1155 3209 Lanrlgravium
1186 3127 1348 3196 literae⁸l
1399 3127 1477 3191 Curn
1505 3128 1613 3208 itaque
1642 3147 1678 3192 cx
1707 3147 1769 3192 una.
1796 3135 1886 3209 parte
1907 3128 2124 3208 Landgravius
2150 3130 2218 3209 ejus
2238 3146 2333 3209 opera

591 3235 742 3310 perpetuo
764 3247 870 3293 carere
892 3229 999 3308 nollet,
1027 3247 1063 3293 cx
1086 3228 1188 3292 altera
1208 3227 1335 3291 Elector
1353 3228 1476 3291 iteratis
1498 3228 1632 3292 instaret
1651 3229 1758 3307 literis,
1780 3229 1931 3309 Principis
1956 3230 2078 3294 demum
2103 3248 2258 3295 consensu
2277 3248 2333 3309 per

591 3329 750 3392 biennium
781 3329 811 3392 in
831 3329 970 3393 Marchia
1001 3328 1144 3393 substitit
1172 3337 1205 3390 et
1233 3345 1301 3390 cum
1322 3326 1466 3391 Electore
1492 3328 1523 3391 in
1551 3328 1730 3392 Borussiam
1751 3328 1908 3409 profectus
1936 3349 1956 3394 a
1986 3330 2185 3395 concionibus
2210 3331 2254 3395 illi
2275 3332 2335 3394 fuit

593 3429 710 3505 aulicis
732 3428 918 3493 adversariis
938 3429 968 3493 in
988 3448 1059 3492 eum
1081 3428 1168 3492 varia
1187 3426 1395 3493 molientibus.
1439 3427 1543 3503 Quum
1565 3445 1638 3490 vero
1657 3428 1867 3508 superioribus
1891 3430 1981 3493 annis
1997 3429 2212 3495 Schonfeldius
2232 3433 2334 3496 senior

593 3527 775 3608 hemiplexia
795 3528 861 3591 sive
880 3527 1018 3608 paralysi
1040 3528 1142 3592 dextri
1165 3527 1273 3591 lateris
1293 3530 1456 3606 correptus
1477 3524 1668 3590 Professicni
1690 3531 1724 3590 et
1739 3527 1847 3591 Officio
1863 3528 2081 3594 Ecclesiastico
2103 3549 2248 3610 praeesse
2271 3549 2334 3594 ncn

592 3633 697 3707 posset
719 3626 863 3707 amplius,
886 3644 905 3689 a
928 3626 1075 3691 Mauritio
1098 3626 1215 3708 Landg.
1247 3633 1415 3692 revocatur
1435 3625 1561 3690 Crocius
1584 3643 1666 3689 anno
1688 3626 1895 3691 MDCXVlll.
1945 3631 2044 3706 Quem
2070 3648 2131 3710 quc
2154 3631 2334 3694 clementius

592 3727 714 3791 foverat
735 3726 876 3805 Elector,
905 3744 941 3789 eo
971 3725 1147 3790 dimittebat
1170 3728 1310 3807 aegrine,
1333 3727 1501 3790 invitatum
1522 3726 1614 3804 ultro,
1635 3727 1662 3789 si
1685 3744 1747 3789 non
1768 3731 1979 3810 perpetuo⁴),
2005 3728 2116 3793 saltem
2138 3729 2178 3792 ad
2200 3736 2332 3810 tempus.

593 3825 672 3900 Quia
695 3842 768 3887 acro
797 3825 918 3887 biennio
949 3824 1056 3903 elapso
1086 3843 1119 3887 se
1143 3825 1316 3888 rediturum
1339 3843 1407 3888 esse
1429 3843 1485 3887 suo
1512 3826 1699 3904 promiserat
1721 3827 1874 3907 Principi,
1902 3829 1993 3891 venia
2022 3829 2147 3893 tandem
2169 3829 2334 3909 impetrata

592 3941 648 4003 per
672 3923 881 3986 Dentiscanos
903 3927 935 3984 et
957 3921 1130 3985 hlarclricos
1159 3923 1192 3986 in
1214 3923 1359 3986 llassiam
1382 3942 1527 3988 reversus
1549 3924 1708 3989 Ecclesiae
1732 3943 1807 3988 suae
1829 3928 2021 4007 restituitur,
2049 3930 2136 4010 cujus
2157 3947 2262 3993 curam
2285 3931 2334 3992 via

591 4021 783 4102 postliminio
813 4026 1009 4100 susceperat,
1040 4039 1133 4100 quum
1162 4041 1267 4086 mense
1296 4022 1424 4087 Octobri
1454 4023 1494 4086 ab
1523 4022 1689 4086 Academia
1717 4023 1934 4105 Marpurgcnsi
1967 4029 2137 4093 accersitus
2166 4028 2334 4109 primarius

594 4122 748 4202 professor
769 4125 801 4184 et
823 4119 1029 4185 Ecclesiastes
1052 4122 1280 4202 designaretur.
1322 4123 1457 4203 Ipsoque
1478 4123 1575 4200 igitur
1589 4126 1618 4202 ³)
1639 4123 1808 4187 Februario
1830 4127 1904 4189 anni
1927 4126 2090 4192 MDCXIX
2112 4128 2334 4209 professionem

592 4221 716 4301 publica
747 4238 875 4283 exorsus
904 4220 1047 4283 cretione
1074 4221 1218 4302 sequenti
1247 4240 1331 4284 anno
1358 4222 1429 4285 lan.
1458 4221 1524 4285 Cal.
1554 4222 1672 4285 flector
1699 4222 1825 4303 eligitur
1853 4231 1886 4289 ct
1913 4227 2098 4291 consistorii
2129 4227 2166 4292 fit
2195 4245 2336 4293 assessor

593 4337 698 4382 mense
716 4320 870 4398 Angusto,
900 4336 936 4382 ae
960 4318 1138 4385 MDCXXII
1161 4320 1215 4385 Ch.
1246 4339 1328 4385 anno
1346 4321 1479 4386 Decuric
1500 4320 1681 4385 Facultatis.
1731 4322 1872 4389 Tandem
1902 4344 1971 4390 cum
2000 4327 2170 4392 Academia
2189 4327 2335 4409 Marpur-

593 4417 698 4496 gensis
735 4418 775 4481 ad
804 4416 996 4482 Ludovicum
1025 4419 1187 4483 leniorem
1218 4419 1351 4485 llassiae
1374 4420 1549 4504 Principem
1577 4439 1659 4485 anno
1686 4421 1775 4486 MDC
1868 4428 1897 4505 θ)
1933 4426 2173 4503 transferretur,
2203 4428 2336 4494 Crocias

594 4516 750 4580 cassellas
770 4534 915 4583 reversus
927 4517 956 4595 2)

647 4711 887 4720 .——-·‹------—-.--
898 4713 928 4719 -ψ,
940 4713 978 4720 ι-

698 4841 720 4906 1)
742 4839 833 4906 Imago
854 4839 951 4893 Crocii.

695 4928 720 4990 2)
740 4926 799 4978 Hoc
815 4925 916 4980 factum
936 4941 997 4980 esse
1014 4935 1095 4995 negat
1112 4928 1230 4983 Strieder
1251 4929 1283 4981 ll.
1305 4947 1329 4995 p
1348 4931 1405 4983 398.

698 5014 722 5075 3)
742 5011 837 5064 Tilem.
856 5010 932 5064 addit
952 5021 1085 5066 verterunt.

697 5095 726 5161 l)
746 5094 812 5150 θοὰ.
827 5104 936 5165 pertico.

697 5183 725 5247 5)
744 5182 803 5235 Hoc
829 5184 917 5238 inesse
945 5183 1051 5238 videtur
1074 5186 1104 5239 in
1126 5185 1265 5241 literarum
1290 5187 1417 5242 ductibus
1440 5188 1527 5242 minus
1552 5189 1695 5255 perspicue
1715 5191 1866 5258 expressis,
1895 5192 1940 5260 qui
1959 5191 2081 5247 versibus
2097 5192 2249 5258 interpositi
2270 5201 2336 5249 sunt.

596 5265 645 5318 Til.
666 5267 705 5319 cis
725 5268 831 5322 omissis
850 5270 999 5324 Februarii
1019 5289 1106 5326 merae
1121 5273 1211 5327 habet.

696 5353 725 5418 6)
743 5352 868 5420 Spatium
885 5371 998 5411 saeuum
1017 5358 1068 5412 Til.
1088 5359 1207 5428 explevit
1230 5358 1302 5412 notis
1322 5361 1439 5414 XXIV.

698 5439 723 5503 7)
739 5437 806 5493 Post
827 5439 880 5494 hoc
904 5442 1015 5496 verbum
1040 5444 1213 5499 distinctione
1238 5445 1338 5499 omissa
1363 5445 1501 5502 dimidiam
1524 5449 1580 5502 fere
1605 5462 1698 5501 versus
1717 5456 1821 5516 partem
1846 5465 1957 5504 vacuam
1983 5450 2095 5517 reliquit
2116 5448 2167 5502 bil.
2209 5451 2285 5513 Quae
2305 5451 2337 5502 de

595 5524 702 5590 scriptis
721 5526 810 5581 Crocii
830 5535 985 5596 sequuntur,
1005 5530 1098 5584 Tilem.
1116 5531 1214 5600 omisit,
1232 5531 1286 5586 alia
1305 5547 1375 5598 rpuae
1395 5533 1428 5586 ad
1448 5533 1529 5587 sitam
1550 5534 1609 5601 ejus
1630 5535 1809 5601 posteriorem
1828 5537 1971 5602 pertinent,
1991 5534 2101 5590 addidit.
