5534 6984
1225 1062 1539 1129 Bartholomaeus
1568 1064 1702 1148 Meyer.

715 1251 866 1318 Alleldiae
880 1251 906 1332 ¹)
926 1249 1098 1315 Hessorum
1113 1253 1206 1315 natus
1218 1250 1326 1332 primis
1341 1251 1504 1317 literarum
1524 1253 1557 1317 in
1578 1253 1683 1334 patria
1693 1253 1724 1335 ²)
1744 1252 1928 1319 rudimentis
1950 1250 2070 1333 positis,
2092 1250 2193 1330 primo
2216 1252 2331 1315 aetatis

591 1371 667 1420 suaa
688 1357 826 1433 tempore
847 1350 881 1413 iu
901 1348 1012 1414 studiis
1040 1349 1204 1414 literarum
1225 1350 1391 1432 Marpurgi
1410 1357 1607 1433 consumpto,
1629 1370 1697 1418 cum
1720 1357 1805 1418 esset
1824 1350 1993 1417 felicissimi
2015 1349 2149 1429 ingenii,
2172 1366 2278 1413 omues
2301 1349 2334 1413 in

591 1452 704 1520 studiis
725 1451 800 1516 fecit
819 1465 1019 1531 progressuS‚
1051 1453 1088 1513 ut
1108 1449 1185 1514 XXI
1206 1450 1320 1514 aetatis
1343 1467 1427 1515 anno
1449 1451 1563 1516 ibidem
1585 1451 1719 1516 bonores
1747 1452 1882 1532 adeptus
1904 1449 2105 1515 scholasticos
2127 1448 2249 1529 publice
2269 1448 2334 1529 pri-

590 1553 749 1633 vatimque
771 1567 840 1613 cum
859 1547 954 1612 lauda
974 1548 1085 1613 docere
1100 1548 1246 1629 coeperit.
1290 1549 1406 1614 Liberis
1419 1554 1523 1614 autem
1540 1549 1653 1614 diuinis
1668 1551 1806 1629 impense
1820 1551 1945 1615 deditus
1960 1548 2091 1631 quidem,
2114 1547 2333 1628 grammatices

593 1657 698 1716 tumen
735 1653 801 1712 tam
830 1646 969 1712 Graecae
998 1663 1093 1726 quam
1120 1647 1254 1712 Latinae
1281 1652 1378 1728 atquc
1412 1649 1664 1712 rudimentorum
1691 1647 1986 1713 Mathematicorum
2021 1647 2086 1728 egit
2113 1645 2332 1728 professorem.

591 1749 757 1830 Physicam
787 1746 859 1810 dein
886 1745 1068 1826 aliquandiu
1095 1746 1257 1827 professus
1283 1765 1354 1813 cum
1382 1752 1481 1826 esset,
1508 1749 1679 1829 injunctum
1707 1747 1834 1811 taudem
1860 1747 1906 1811 illi
1931 1748 1996 1830 jam
2023 1751 2089 1811 tum
2112 1745 2228 1810 aetatis
2247 1761 2331 1809 anuo

590 1848 691 1914 xxvi
727 1845 951 1910 concionatoris
988 1844 1152 1909 Teutonici
1184 1845 1311 1911 Ordinis
1349 1845 1434 1910 uices
1467 1847 1652 1927 sustinenti,
1687 1850 1725 1910 ut
1760 1819 1825 1910 rina
1852 1864 1920 1910 cum
1948 1845 2102 1911 Loniccro
2133 1843 2333 1924 Theologiam

592 1947 735 2026 deinceps
758 1944 883 2010 doceret
904 1948 937 2008 et
958 1942 1099 2008 Psalmos
1122 1942 1227 2008 Theol.
1251 1943 1407 2010 Studiosis
1437 1945 1705 2028 interpretaretur.
1747 1945 1923 2025 Interrupit
1943 1950 2049 2010 tamar
2069 1961 2146 2025 opus
2169 1943 2332 2024 Philippus

592 2045 765 2110 Hessorum
785 2044 951 2124 PrincopS,
981 2047 1013 2108 et
1033 2043 1250 2123 Rectoratum,
1281 2044 1335 2124 qui
1365 2062 1467 2124 nuper
1489 2043 1553 2108 Cal.
1576 2044 1647 2109 Jan.
1670 2044 1700 2108 ei
1719 2044 1901 2108 commissus
1922 2043 2040 2125 inerat,
2068 2043 2208 2124 eoquod
2231 2043 2332 2106 uirum

592 2145 765 2226 Marpurgo
787 2142 942 2208 cassellas
963 2142 992 2205 X
1013 2140 1090 2223 Maji
1111 2141 1263 2220 avocavit,
1288 2146 1325 2205 ut
1347 2144 1598 2208 concionatorem
1620 2144 1754 2224 primum
1775 2143 1918 2224 aulicum,
1939 2161 1976 2208 ac
1997 2142 2107 2207 deinde
2127 2142 2332 2222 Superattcn-

592 2244 717 2308 dentcm
731 2243 759 2324 8)
779 2241 893 2306 ibidem
912 2246 1030 2322 ageret,
1052 2241 1135 2304 vices
1156 2240 1224 2321 ejus
1244 2240 1410 2323 Marpurgi
1430 2243 1581 2307 subeunte
1603 2243 1757 2324 Wigando
1779 2242 1941 2323 Happelio.
1985 2242 2072 2308 Obiit
2094 2242 2206 2306 ibidem
2227 2241 2330 2305 tribus

592 2343 681 2406 annis
703 2341 944 2422 septuagenario
965 2339 1065 2420 major
1085 2339 1118 2402 in
1141 2338 1267 2403 Obristo
1288 2338 1420 2405 feliciter
1440 2341 1564 2423 placida
1591 2347 1693 2408 morte
1714 2361 1797 2409 anuo
1818 2342 1909 2409 MDO
1929 2342 2059 2408 Octobri
2079 2342 2163 2407 xvl.
2205 2339 2331 2405 Mortuo

591 2441 648 2507 hoc
668 2440 869 2523 Epitaphium
890 2441 922 2503 in
945 2456 1064 2504 summo
1087 2438 1204 2520 templo
1225 2439 1361 2520 positum
1382 2440 1492 2522 inspici
1514 2442 1669 2523 potest⁴).

1191 2789 1354 2856 loannes
1380 2790 1724 2860 liliuckelmaunus.

714 3000 1042 3081 Cattohombergensis
1068 3002 1122 3068 SS.
1152 3001 1337 3082 Theologiae
1364 3002 1482 3068 Doctor
1514 3008 1546 3068 et
1573 3002 1708 3068 Proless.
1747 3003 1833 3067 urbis
1861 3001 2098 3083 Marpurgensis
2123 3002 2329 3068 Ecclesiastes

592 3119 674 3166 anno
695 3100 842 3165 lllDllllO
856 3103 884 3181 5)
906 3101 1061 3165 Wilhelmi
1082 3101 1274 3181 Landgrarii
1295 3102 1496 3165 concionator
1517 3102 1644 3180 aulicus,
1665 3101 1746 3167 hanc
1766 3103 1898 3167 accessit
1918 3103 2128 3183 Academiam,
2151 3103 2198 3166 uir
2219 3103 2329 3167 doctus

590 3201 713 3283 pariter
733 3218 771 3265 ac
793 3199 933 3280 diligens,
954 3200 1083 3280 eJusque
1104 3201 1218 3264 Rector
1239 3204 1366 3265 creatus
1388 3205 1437 3265 est
1463 3218 1545 3266 anno
1566 3201 1730 3282 MDXOV,
1759 3220 1819 3283 quo
1841 3207 1979 3282 tempore
2002 3202 2183 3283 dysenteria
2203 3202 2329 3284 quidem

592 3301 730 3380 grassari
751 3299 852 3379 coepit
872 3299 1024 3378 grauiter:
1046 3300 1101 3364 sed
1116 3300 1286 3364 Academia
1306 3299 1464 3364 translata
1481 3318 1543 3364 uon
1564 3300 1634 3382 fuit,
1656 3319 1752 3382 quum
1767 3303 1928 3366 Autumno
1946 3302 2125 3366 remitterat
2137 3303 2327 3382 contagium.

592 3398 809 3480 Quinquennio
838 3403 913 3479 post
940 3399 1106 3463 secuudum
1132 3399 1263 3480 Itector,
1290 3399 1344 3463 sed
1373 3403 1464 3464 extra
1493 3399 1650 3481 ordinem,
1686 3402 1759 3481 quia
1787 3399 1942 3464 Molthero
1971 3402 2176 3481 magistratus
2204 3406 2328 3466 tantum

589 3499 693 3564 fuerat
714 3497 960 3579 quadrimestris.
1003 3497 1171 3562 Postmodo
1191 3515 1286 3577 quum
1307 3516 1389 3562 anno
1409 3516 1505 3580 supra
1527 3500 1826 3580 sesquimillesimum
1847 3501 2014 3565 centesimo
2036 3502 2144 3581 quinto
2159 3500 2327 3565 Mauritius

588 3599 737 3680 Princeps
751 3596 904 3680 quaedam
918 3597 950 3660 iu
959 3596 1106 3662 Ecclesiis
1118 3596 1278 3662 Hassiacis
1292 3597 1411 3662 abolita
1425 3600 1453 3680 ο)
1474 3605 1613 3681 cuperet,
1627 3600 1725 3681 iisque
1734 3599 1889 3681 capitibus
1904 3599 2099 3665 subscribere
2113 3599 2328 3664 detrectarent

588 3697 871 3776 Wiuclrelmannus
894 3695 1085 3762 Leuchterus
1108 3702 1141 3760 et
1154 3696 1331 3762 blentzerus
1344 3697 1382 3779 1),
1405 3698 1530 3763 eosdem
1552 3698 1620 3778 fide,
1640 3716 1703 3779 qua
1724 3699 1866 3764 obstricti
1889 3704 1990 3779 erant,
2012 3699 2134 3764 solutos
2154 3699 2229 3765 Julii
2239 3699 2328 3764 XVII

589 3798 716 3864 dimisit.
758 3795 966 3873 Quamobrem
993 3795 1039 3859 illi
1059 3796 1196 3875 Augusti
1223 3801 1311 3861 sexto
1342 3797 1553 3863 tumultuante
1575 3798 1740 3880 Marpurgi
1770 3799 1884 3880 populo
1914 3800 2056 3865 Giessam
2084 3799 2244 3879 abierunt,
2275 3798 2327 3863 ubi

588 3899 702 3978 postea
729 3894 1007 3962 iliaclcelmaaaus
1026 3893 1188 3960 Professor
1218 3901 1251 3960 et
1272 3895 1544 3976 Superattendens
1566 3897 1667 3962 factus
1691 3904 1756 3963 tum
1777 3898 1927 3979 Pastoris
1956 3904 2023 3963 tum
2046 3899 2193 3964 Doctoris
2214 3916 2326 3962 munus

589 3995 713 4076 egregie
735 3993 893 4060 sustinuit.
937 3993 1062 4076 Scripta
1084 3993 1124 4058 ab
1146 4013 1182 4060 eo
1202 3994 1235 4059 iu
1256 4001 1454 4076 posterorum
1477 3997 1673 4062 commodum
1692 3998 1779 4062 edita
1810 3997 1888 4062 haec
1915 4004 2004 4064 sunt:
2035 3999 2269 4064 Comraentoria
2291 3999 2327 4061 ia

589 4095 802 4178 Evanpelium
823 4091 855 4158 S.
875 4092 1000 4157 Lucae:
1023 4094 1058 4158 ia
1079 4092 1247 4176 Epistulas
1267 4095 1311 4160 D.
1331 4095 1433 4160 Pauli
1453 4097 1498 4160 ad
1519 4097 1690 4175 Romanos,
1711 4096 1756 4162 D.
1779 4097 1870 4164 Petri
1890 4105 1920 4162 et
1941 4098 1973 4164 S.
1995 4098 2127 4163 Jacobi:
2147 4101 2183 4162 in
2201 4098 2327 4177 Apoca-

588 4196 714 4278 lypsin:
742 4193 915 4258 Coae-ionas
942 4192 1017 4256 item
1038 4192 1201 4258 Fuacbrcs
1231 4201 1261 4260 ct
1276 4195 1465 4275 Nuptialcs,
1494 4197 1673 4276 scriptaque
1695 4197 1858 4265 Polemica
1888 4197 1951 4262 alia
1975 4203 2008 4262 et
2028 4197 2176 4262 Postilla.
2218 4197 2327 4260 Finem

588 4295 672 4360 ritae
695 4292 806 4356 habuit
828 4309 909 4356 anno
932 4291 995 4358 Sal.
1017 4291 1220 4374 MDOXXVl,
1240 4295 1356 4360 aetatis
1378 4301 1482 4360 antem
1504 4294 1620 4361 LXXV
1634 4300 1672 4377 ⁸).

588 4448 973 4462 ..Μ

696 4555 723 4623 Ι)
742 4553 786 4608 Sic
805 4552 872 4617 cod,
892 4553 987 4607 Tilem.
1005 4554 1167 4622 Alsscldiae.

689 4643 718 4698 2)
738 4641 828 4707 lmago
845 4639 958 4708 lileyeri.

692 4726 720 4794 3)
740 4725 805 4780 Cod.
823 4726 1080 4795 superaffluentem.

688 4814 717 4876 4)
737 4812 912 4880 Epitaphium
936 4813 1025 4880 ipsum
1048 4829 1102 4867 non
1127 4821 1169 4868 est
1191 4811 1322 4882 additum,
1353 4813 1401 4868 sed
1425 4814 1543 4882 spatium
1565 4831 1678 4870 saeuum
1702 4816 1835 4874 relictum.
1881 4817 1957 4885 Quae
1979 4819 2051 4888 apud
2078 4819 2174 4875 Tilem.
2199 4819 2325 4887 leguntur

586 4915 613 4966 p.
633 4895 694 4951 106:
717 4899 752 4952 In
777 4898 878 4950 obitum
898 4897 1073 4967 Landgracii
1096 4900 1233 4952 Wiibcbai
1252 4899 1411 4953 Coracioncm
1429 4902 1572 4968 scanebrem
1589 4903 1700 4969 trabum,
1726 4920 1796 4972 puae
1820 4906 1955 4975 impressa
1978 4912 2018 4960 est
2041 4906 2259 4960 Sclrrrrallaldiac
2279 4924 2324 4960 arr.

586 4987 658 5037 1593
683 4985 711 5036 ia
730 4988 783 5037 alto.
804 4983 855 5035 (bri
876 4985 1031 5050 praemissa
1049 4986 1190 5054 Apologia
1217 4993 1313 5040 contra
1335 4988 1481 5040 Auctorem
1507 4989 1665 5043 delationis
1687 4991 1847 5056 historicae,
1871 5007 1922 5059 per
1947 5006 2067 5048 errorem
2088 4991 2118 5048 iu
2140 4992 2211 5048 hunc
2234 4991 2324 5046 locum

584 5069 716 5123 translata
734 5083 794 5123 osse
813 5066 945 5132 ridentur,
965 5069 1076 5122 eumad
1094 5070 1190 5124 Tilem.
1208 5071 1301 5141 ipsius,
1321 5087 1374 5126 uon
1393 5072 1428 5127 ad
1445 5073 1557 5127 Dilichii
1574 5076 1757 5131 narrationem
1774 5077 1937 5146 pertineant.

688 5155 717 5222 5)
737 5154 828 5222 Imago
847 5152 1074 5208 Winchelmauni.

686 5241 716 5307 O)
736 5239 800 5294 Cod.
819 5241 929 5293 abolita.

687 5325 717 5393 7)
737 5323 800 5379 Cod.
821 5327 988 5380 Mantacras.

684 5411 715 5479 8)
733 5411 862 5465 Ultimum
888 5415 1053 5466 enuntiatum
1078 5419 1174 5481 postca
1198 5412 1318 5468 additum
1345 5428 1421 5479 esse,
1447 5430 1461 5470 e
1487 5414 1627 5469 literarum
1652 5410 1778 5472 ductibus
1798 5422 1826 5472 ct
1844 5418 1938 5474 colorc
1955 5421 2098 5476 atramenti
2123 5427 2246 5489 apparet.
2284 5423 2322 5476 (Ἰ.

583 5511 654 5565 quaa
673 5496 706 5551 dc
724 5498 776 5551 hac
793 5513 824 5551 re
843 5498 870 5552 in
887 5500 1027 5566 prooemio
1046 5499 1125 5554 huius
1139 5500 1202 5554 libri
1221 5499 1343 5555 diximus.
1379 5499 1496 5555 Parrum
1511 5501 1629 5570 spatium
1646 5503 1719 5558 iuter
1736 5504 1808 5559 banc
1822 5512 1851 5559 et
1868 5504 1999 5562 Moltberi
2016 5508 2098 5563 uitam
2116 5508 2268 5566 intercedit.
