5534 6984
1234 996 1488 1079 Hieronymus
1517 996 1741 1063 Treutlerus

722 1149 932 1215 SuIdnicensis
948 1150 1077 1216 Silesius
1095 1168 1191 1231 quum
1212 1170 1408 1234 nequaquam
1423 1154 1554 1235 elinguis
1570 1153 1658 1220 Iuris
1675 1154 1781 1220 Civilis
1799 1152 2005 1233 intelligentia
2023 1156 2056 1216 et
2074 1152 2157 1215 omni
2178 1152 2360 1234 prudentiae

626 1268 737 1331 genere
765 1254 957 1332 praestaret,
986 1268 1069 1315 anno
1090 1250 1209 1315 MDXG
1230 1251 1375 1316 Ianuami
1395 1254 1500 1318 XXIX
1524 1254 1682 1335 publicum
1711 1253 1894 1319 eruditionis
1919 1253 1951 1317 iu
1973 1251 2012 1317 U.
2037 1252 2069 1316 J.
2091 1270 2111 1316 a
2131 1252 2252 1333 VIgelio
2279 1255 2361 1336 cepit

626 1351 838 1414 testImonium
860 1355 892 1414 et
913 1350 1066 1432 lauream,
1095 1355 1189 1432 atque
1209 1351 1317 1415 eodem
1339 1371 1422 1417 anno
1439 1355 1475 1435 ¹),
1497 1372 1591 1435 quum
1612 1352 1773 1433 Philippus
1794 1352 1974 1417 Matthaeus
2000 1351 2174 1432 provincia,
2208 1370 2301 1433 quam
2327 1354 2359 1419 in

625 1449 745 1515 dicendi
765 1456 834 1514 arte
855 1450 1036 1531 explicanda
1057 1451 1266 1532 sustinuerat,
1298 1451 1478 1532 decederet,
1509 1453 1541 1517 in
1569 1452 1649 1516 hanc
1673 1452 1808 1516 muneris
1837 1452 1951 1533 publici
1972 1456 2093 1532 partem
2116 1457 2182 1517 toto
2204 1453 2308 1518 animo
2329 1460 2363 1519 et

626 1550 711 1613 omni
731 1549 833 1613 studio
853 1550 1008 1631 incubuit,
1035 1555 1071 1615 ut
1090 1552 1156 1633 ejus
1177 1551 1372 1632 potissimum
1384 1552 1413 1632 ²)
1443 1570 1538 1633 opera
1562 1556 1748 1632 appareret,
1770 1556 1917 1632 quantam
1939 1552 2000 1616 vim
2023 1551 2139 1615 habeat
2160 1559 2309 1619 accurata
2329 1560 2361 1619 et

625 1649 708 1712 lacta
729 1650 864 1729 quodam
884 1650 974 1714 modo
995 1650 1103 1715 oratio.
1146 1649 1207 1714 Sed
1220 1650 1344 1715 biennio
1361 1656 1434 1731 post
1448 1652 1548 1715 locum
1560 1651 1694 1715 mutavit
1708 1650 1787 1731 ad³l
1807 1669 1919 1715 munus
1935 1651 2057 1731 Syndici
2073 1652 2159 1715 urbis
2174 1653 2359 1718 Budissinae

627 1751 657 1811 in
674 1748 787 1814 Silesia
802 1755 909 1830 partes
924 1750 1121 1829 peragendas
1138 1755 1295 1828 evocatus
1318 1752 1459 1831 quamvis
1472 1769 1528 1815 nec
1543 1750 1606 1815 illic
1621 1752 1672 1815 diu
1687 1750 1852 1815 admodum
1867 1751 2055 1816 substiterit.
2092 1752 2172 1815 Nam
2188 1753 2359 1833 Imperator

624 1850 726 1911 m'rum
740 1849 915 1913 abundanti
929 1849 1072 1913 doctrina
1091 1855 1124 1914 et
1144 1850 1319 1915 incredibili
1333 1851 1470 1930 quadam
1488 1852 1641 1916 varietate
1663 1855 1759 1932 atque
1776 1851 1864 1931 copia
1886 1851 1918 1914 in
1938 1852 2162 1931 perspiciendis
2184 1852 2357 1917 rationibus

625 1948 861 2012 constituendae
890 1954 922 2013 et
946 1950 1099 2029 regendae
1121 1950 1250 2031 Reipub.
1273 1949 1512 2014 oculatissimdm
1540 1952 1681 2015 maximis
1708 1951 1876 2033 propositis
1905 1952 2051 2029 praemiis
2080 1951 2129 2015 vel
2158 1951 2197 2015 ad
2226 1955 2358 2031 gratiam

624 2048 674 2112 rel
694 2048 734 2111 ad
756 2066 828 2129 opes
849 2049 899 2112 vel
920 2050 961 2113 ad
982 2050 1177 2131 dignitatem,
1198 2055 1234 2113 ut
1249 2050 1415 2114 consiliarii
1430 2050 1531 2114 obiret
1544 2070 1664 2132 munus,
1687 2050 1853 2115 invitatum
1868 2056 1899 2113 et
1917 2050 2090 2115 nobilitatis
2107 2052 2176 2133 jure
2198 2051 2357 2131 donatum,

624 2148 758 2229 primurn
780 2167 818 2212 ex
839 2150 927 2213 rrovis
949 2150 1136 2231 hominibus,
1166 2151 1218 2231 qui
1240 2151 1273 2213 id
1295 2150 1389 2215 decus
1410 2150 1583 2215 eruditione
1609 2156 1866 2231 promeruerunt,
1895 2150 2084 2229 arnplissimo
2105 2149 2221 2216 horrore
2244 2152 2357 2217 affecit.

627 2247 791 2311 Caeterum
819 2253 972 2328 quantum
999 2250 1122 2330 iugenio
1150 2250 1285 2314 valuerit
1314 2255 1347 2314 et
1376 2250 1495 2329 studio,
1524 2252 1717 2315 constituere
1743 2270 1783 2331 po
1792 2251 1868 2313 terit
1897 2250 2044 2329 quilibet,
2072 2250 2098 2313 si
2127 2252 2359 2332 disputationes

625 2348 872 2427 ejastinianeis
897 2348 1156 2413 Institutioaibos
1184 2349 1418 2414 accuratiSsime
1448 2350 1639 2430 conscriptas
1667 2356 1699 2415 et
1726 2352 1874 2433 Spsteono
1899 2350 2102 2414 libetur-icam
2129 2351 2161 2414 in
2190 2352 2357 2415 Academia

623 2446 840 2527 Marpurgensi
867 2447 1061 2527 eloquentiae
1089 2448 1235 2513 studiosis
1263 2451 1471 2530 propositum,
1502 2468 1538 2513 ac
1558 2450 1758 2529 postmodum
1786 2451 1916 2513 aliorum
1940 2468 2035 2529 opera
2059 2451 2176 2515 editum
2198 2452 2247 2515 vel
2267 2452 2359 2531 limis,

624 2546 705 2627 quod
719 2546 816 2627 ajant,
838 2547 934 2611 oculis
949 2548 1178 2627 iutrospexem't.
1220 2548 1301 2611 Nam
1314 2548 1385 2613 hinc
1399 2550 1526 2614 velada
1543 2550 1719 2630 crepundiis
1742 2554 1775 2615 ct
1794 2568 1894 2614 naevo
1917 2550 2029 2631 aliquo,
2053 2570 2114 2614 non
2136 2569 2208 2615 vero
2230 2568 2356 2632 corpore

625 2646 724 2728 omni,
748 2646 903 2710 hominem
924 2665 1110 2727 cognoscere
1131 2647 1235 2712 licebit
1245 2646 1289 2730 ⁴).

779 2753 787 2778 0

1197 2893 1430 2958 Hermannus
1453 2893 1590 2958 Petrus
1612 2892 1790 2973 Nigidius

722 3044 955 3125 Marpurgensis
979 3046 1009 3110 J.
1030 3046 1069 3110 U.
1098 3046 1230 3127 adeptus
1258 3046 1391 3112 honores
1421 3067 1556 3113 summos
1588 3049 1678 3114 Anno
1701 3048 1819 3113 MDXG
1848 3048 1991 3114 Ianuarii
2012 3049 2115 3113 XXIX
2142 3051 2173 3113 in
2204 3050 2358 3115 Treutlem'

624 3144 726 3209 locum
747 3146 778 3208 ln
800 3145 941 3209 Silesiam
963 3146 1107 3212 abeuntis
1133 3153 1296 3227 cooptatus
1325 3149 1533 3229 eloquentiam
1559 3148 1713 3229 probabili
1737 3149 1892 3213 industria
1914 3149 2037 3229 docuit,
2067 3150 2114 3214 bis
2136 3151 2294 3229 Decanus,
2324 3156 2356 3214 et

624 3243 752 3307 tandem
772 3245 870 3309 etiam
885 3245 1009 3325 Syndici
1030 3252 1136 3327 partes
1158 3266 1239 3313 anno
1253 3247 1353 3312 DCIV
1372 3248 1510 3312 clavibus
1533 3248 1658 3312 traditis
1680 3249 1761 3313 tueri
1779 3249 1886 3330 jussus
1899 3250 1936 3329 ⁵).
1980 3249 2040 3312 Sed
2062 3251 2142 3312 enim
2160 3269 2252 3330 quum
2269 3258 2355 3331 post-

624 3343 750 3407 nrodum
778 3363 861 3409 anno
889 3345 1006 3409 DCIIX
1035 3345 1217 3427 festivitati,
1254 3366 1316 3427 qua
1343 3367 1424 3411 nova
1450 3347 1625 3412 Giessensis
1655 3349 1821 3413 Academia
1856 3349 2118 3429 lnaugurabatur,
2157 3347 2358 3429 interfuisset,

623 3442 771 3524 Princeps
786 3444 967 3523 indignatus
982 3445 1111 3509 eundem
1127 3464 1146 3508 a
1160 3465 1290 3510 munere
1307 3452 1340 3511 et
1355 3448 1489 3528 negotiis
1500 3447 1692 3519 Academicis
1708 3449 1849 3513 removit.
1871 3447 2005 3528 Ideoque
2022 3448 2113 3528 paulo
2129 3454 2203 3528 post
2215 3448 2356 3513 Glossam

622 3543 782 3625 profectus
804 3543 925 3625 aliquot
944 3563 1042 3609 annos
1064 3545 1134 3610 istic
1154 3546 1186 3609 in
1209 3547 1348 3612 docendo
1369 3566 1497 3628 operam
1518 3547 1638 3629 posuit,
1664 3552 1696 3611 ct
1717 3554 1852 3613 naturae
1874 3547 2001 3612 tandem
2019 3549 2171 3613 concessit
2191 3548 2356 3631 haldene).

1226 3750 1526 3834 christophorus
1552 3753 1751 3819 Cramerus

721 3879 914 3945 Allendorlfii
940 3881 973 3947 iu
995 3881 1109 3947 Salluis
1138 3888 1232 3949 natus
1258 3884 1366 3949 multis
1394 3885 1492 3949 litans
1518 3885 1617 3967 iisque
1646 3886 1812 3951 reconditis
1842 3891 1875 3950 et
1905 3886 2065 3967 exquisitis
2090 3906 2170 3951 anno
2190 3884 2356 3953 MDXCIII

622 3984 729 4061 partes
764 3980 889 4061 linguae
915 3982 1055 4047 Graecae
1091 3982 1346 4064 interpretandae
1378 3984 1438 4067 sibi
1472 3986 1620 4066 sumpsit,
1658 4004 1755 4067 quum
1785 3984 1970 4066 Gualperius
1999 3986 2170 4067 Marpurgo
2199 3987 2355 4052 Lubecam

623 4079 837 4160 demigrasset.
881 4080 940 4146 Sed
954 4082 1005 4145 vix
1022 4082 1146 4146 biennio
1166 4084 1281 4165 elapso,
1302 4101 1397 4164 quum
1419 4084 1451 4148 in
1473 4103 1636 4149 numerum
1652 4085 1878 4166 Theologorum
1890 4086 1918 4163 ²)
1942 4106 2002 4151 non
2022 4088 2066 4150 lta
2087 4086 2205 4167 pridem
2225 4087 2355 4152 allectus

622 4178 749 4261 luisset,
780 4180 959 4261 dysenteria
986 4187 1148 4263 correptus
1176 4188 1209 4246 et
1237 4183 1342 4248 aDeo
1365 4183 1437 4264 Opt.
1464 4184 1547 4247 Max.
1577 4203 1646 4248 cum
1673 4186 1802 4267 conjuge
1834 4203 1851 4250 e
1878 4186 1944 4249 rita
1972 4192 2121 4267 tanquam
2150 4187 2293 4251 custodia
2324 4193 2357 4251 ct

622 4278 751 4344 vinculis
766 4288 920 4361 evocatus,
944 4281 977 4345 in
997 4285 1157 4345 aeternam
1178 4284 1210 4345 et
1230 4282 1323 4363 plane
1343 4287 1485 4347 nostram
1506 4284 1539 4347 in
1561 4284 1687 4348 domum
1709 4286 1868 4365 remigrat,
1889 4286 1938 4351 vir
1956 4287 2098 4352 omnibus
2117 4288 2209 4352 rebus
2225 4297 2355 4351 ornatus

624 4384 656 4442 et
677 4378 819 4459 elegans,
838 4380 891 4461 qui
913 4380 1029 4444 nemini
1050 4380 1076 4445 si
1098 4381 1146 4445 vel
1166 4381 1322 4461 ingenium
1340 4382 1389 4446 vel
1408 4382 1615 4448 eruditionem
1636 4389 1757 4465 spectes
1777 4403 1921 4451 cessurus
1944 4386 2125 4468 videbatur,
2148 4386 2238 4453 modo
2256 4387 2355 4452 cidem

624 4476 827 4543 diuturnioris
846 4479 928 4543 ritae
950 4479 1131 4560 contigisset
1151 4498 1256 4546 usura.
1299 4481 1416 4546 Verum

958 4578 1065 4645 Misto
1085 4600 1194 4645 serram
1215 4601 1253 4645 uc
1267 4583 1423 4663 juvenum
1443 4583 1619 4647 demoratur
1632 4584 1771 4666 stertere,
1793 4584 1916 4649 italiana
1930 4588 1958 4659 ⁸)

1001 4679 1103 4744 Saeua
1125 4687 1221 4761 caput
1241 4682 1441 4762 Proserpiora
1458 4683 1554 4765 fugit.

722 4829 749 4895 1)
767 4827 852 4881 Immo
874 4826 899 4883 d.
922 4827 976 4879 XII
994 4826 1061 4896 Maji
1087 4843 1110 4881 a.
1129 4831 1193 4882 1591
1217 4829 1364 4883 seeundum
1384 4828 1485 4883 Album
1508 4826 1584 4883 acad.
1604 4858 1636 4866 —
1652 4828 1696 4883 Tr.
1717 4828 1842 4885 discessit
1857 4830 1912 4885 Cal.
1932 4832 1993 4888 Jan.
2012 4848 2036 4887 a.
2059 4836 2137 4901 1594,
2162 4832 2254 4887 Herm.
2275 4832 2355 4888 Petro

622 4914 731 4983 Nigidio
749 4915 777 4967 ln
794 4915 853 4982 ejus
871 4912 960 4967 locum
978 4913 1100 4968 suffecto.

721 5002 751 5070 2)
767 4999 858 5066 Imago
877 4999 1019 5055 Treutleri.
1130 5003 1159 5068 3)
1178 5000 1242 5056 Cod
1261 5018 1294 5056 oe
1311 5002 1454 5056 manifesto
1473 5015 1573 5056 errore.

720 5087 750 5155 4)
768 5085 893 5141 Mortuus
913 5092 956 5140 est
972 5084 1105 5141 Budissae
1123 5104 1146 5141 a.
1167 5092 1246 5160 1607,
1266 5089 1444 5159 quadraginta
1461 5087 1529 5142 duos
1548 5102 1632 5142 annos
1650 5092 1737 5144 natus.

720 5174 750 5239 S)
767 5173 860 5241 Imago
877 5173 987 5242 Nigidii

721 5260 749 5324 6)
768 5259 891 5314 Mortuus
904 5266 946 5313 est
957 5260 1126 5314 Hermannus
1138 5260 1236 5314 Petrus
1247 5259 1380 5328 Nigidius,
1393 5261 1467 5314 Petri
1476 5262 1592 5329 junioris
1601 5260 1680 5327 filius,
1698 5262 1815 5319 Platoris
1829 5268 1900 5317 teste
1912 5262 2024 5317 Giessae
2039 5262 2064 5317 d.
2076 5260 2196 5317 XXVIII
2206 5260 2266 5314 Ian.
2280 5263 2353 5314 1616.

721 5346 751 5413 7)
768 5344 857 5411 Quare
876 5345 1076 5413 Theologorum
1093 5346 1155 5401 vitis
1174 5362 1191 5401 a
1208 5346 1365 5401 Tilemanao
1385 5346 1503 5402 insertus
1522 5353 1566 5403 est
1582 5364 1610 5417 p.
1631 5351 1690 5403 17³.

722 5432 751 5501 8)
770 5430 861 5500 Imago
879 5432 1007 5486 Crameri.
