<?xml version="1.0" encoding="UTF-8"?>
<!DOCTYPE html PUBLIC "-//W3C//DTD XHTML 1.0 Transitional//EN"
    "http://www.w3.org/TR/xhtml1/DTD/xhtml1-transitional.dtd">
<html xmlns="http://www.w3.org/1999/xhtml" xml:lang="en" lang="en">
 <head>
  <title>
</title>
<meta http-equiv="Content-Type" content="text/html;charset=utf-8" />
  <meta name='ocr-system' content='tesseract 3.04.00' />
  <meta name='ocr-capabilities' content='ocr_page ocr_carea ocr_par ocr_line ocrx_word'/>
</head>
<body>
  <div class='ocr_page' id='page_1' title='image "./urbsetacademiam02caesgoog_0115.png"; bbox 0 0 5534 6984; ppageno 0'>
   <div class='ocr_carea' id='block_1_1' title="bbox 2074 832 2139 903">
    <p class='ocr_par' dir='ltr' id='par_1_1' title="bbox 2074 832 2139 903">
     <span class='ocr_line' id='line_1_1' title="bbox 2074 832 2139 903; baseline -0.031 0"><span class='ocrx_word' id='word_1_1' title='bbox 2074 832 2139 903; x_wconf 87' lang='lat' dir='ltr'>tlt</span> 
     </span>
    </p>
   </div>
   <div class='ocr_carea' id='block_1_2' title="bbox 405 1018 2152 4917">
    <p class='ocr_par' dir='ltr' id='par_1_2' title="bbox 405 1018 2152 4917">
     <span class='ocr_line' id='line_1_2' title="bbox 410 1018 2146 1109; baseline -0.003 -16"><span class='ocrx_word' id='word_1_2' title='bbox 410 1026 478 1093; x_wconf 89' lang='lat' dir='ltr'>sine</span> <span class='ocrx_word' id='word_1_3' title='bbox 505 1040 568 1109; x_wconf 90' lang='lat' dir='ltr'>qua</span> <span class='ocrx_word' id='word_1_4' title='bbox 593 1020 671 1087; x_wconf 84' lang='lat' dir='ltr'>nihil</span> <span class='ocrx_word' id='word_1_5' title='bbox 698 1020 749 1087; x_wconf 85' lang='lat' dir='ltr'>vel</span> <span class='ocrx_word' id='word_1_6' title='bbox 776 1018 916 1103; x_wconf 74' lang='lat' dir='ltr'>gravitm</span> <span class='ocrx_word' id='word_1_7' title='bbox 944 1018 995 1086; x_wconf 83' lang='lat' dir='ltr'>vel</span> <span class='ocrx_word' id='word_1_8' title='bbox 1021 1019 1123 1103; x_wconf 90' lang='lat' dir='ltr'>ample</span> <span class='ocrx_word' id='word_1_9' title='bbox 1147 1024 1181 1085; x_wconf 88' lang='lat' dir='ltr'>et</span> <span class='ocrx_word' id='word_1_10' title='bbox 1206 1020 1331 1101; x_wconf 75' lang='lat' dir='ltr'>copiose</span> <span class='ocrx_word' id='word_1_11' title='bbox 1358 1019 1420 1087; x_wconf 89' lang='lat' dir='ltr'>dici</span> <span class='ocrx_word' id='word_1_12' title='bbox 1450 1024 1557 1103; x_wconf 88' lang='lat' dir='ltr'>potest</span> <span class='ocrx_word' id='word_1_13' title='bbox 1591 1024 1625 1085; x_wconf 92' lang='lat' dir='ltr'>et</span> <span class='ocrx_word' id='word_1_14' title='bbox 1656 1020 1820 1104; x_wconf 86' lang='lat' dir='ltr'>explicari,</span> <span class='ocrx_word' id='word_1_15' title='bbox 1858 1020 1966 1087; x_wconf 91' lang='lat' dir='ltr'>docuit</span> <span class='ocrx_word' id='word_1_16' title='bbox 1993 1020 2146 1107; x_wconf 80' lang='lat' dir='ltr'>deinceps.</span> 
     </span>
     <span class='ocr_line' id='line_1_3' title="bbox 409 1118 2148 1207; baseline -0.001 -15"><span class='ocrx_word' id='word_1_17' title='bbox 409 1122 618 1207; x_wconf 72' lang='lat' dir='ltr'>caeteroquin</span> <span class='ocrx_word' id='word_1_18' title='bbox 646 1120 769 1187; x_wconf 89' lang='lat' dir='ltr'>etiamsi</span> <span class='ocrx_word' id='word_1_19' title='bbox 796 1120 926 1203; x_wconf 89' lang='lat' dir='ltr'>pubhcis</span> <span class='ocrx_word' id='word_1_20' title='bbox 950 1119 999 1185; x_wconf 90' lang='lat' dir='ltr'>his</span> <span class='ocrx_word' id='word_1_21' title='bbox 1024 1119 1157 1201; x_wconf 88' lang='lat' dir='ltr'>negotiis</span> <span class='ocrx_word' id='word_1_22' title='bbox 1185 1124 1270 1184; x_wconf 90' lang='lat' dir='ltr'>esset</span> <span class='ocrx_word' id='word_1_23' title='bbox 1295 1118 1476 1203; x_wconf 85' lang='lat' dir='ltr'>districtus,</span> <span class='ocrx_word' id='word_1_24' title='bbox 1508 1126 1614 1185; x_wconf 90' lang='lat' dir='ltr'>tamen</span> <span class='ocrx_word' id='word_1_25' title='bbox 1642 1122 1704 1187; x_wconf 85' lang='lat' dir='ltr'>vim</span> <span class='ocrx_word' id='word_1_26' title='bbox 1734 1139 1838 1187; x_wconf 89' lang='lat' dir='ltr'>rerum</span> <span class='ocrx_word' id='word_1_27' title='bbox 1866 1120 2148 1206; x_wconf 80' lang='lat' dir='ltr'>cognitionemque,</span> 
     </span>
     <span class='ocr_line' id='line_1_4' title="bbox 409 1217 2149 1308; baseline -0.002 -18"><span class='ocrx_word' id='word_1_28' title='bbox 409 1244 490 1308; x_wconf 89' lang='lat' dir='ltr'>quae</span> <span class='ocrx_word' id='word_1_29' title='bbox 511 1241 528 1289; x_wconf 92' lang='lat' dir='ltr'>e</span> <span class='ocrx_word' id='word_1_30' title='bbox 549 1221 747 1305; x_wconf 89' lang='lat' dir='ltr'>philosophia</span> <span class='ocrx_word' id='word_1_31' title='bbox 774 1226 808 1286; x_wconf 91' lang='lat' dir='ltr'>et</span> <span class='ocrx_word' id='word_1_32' title='bbox 828 1220 954 1303; x_wconf 81' lang='lat' dir='ltr'>politica</span> <span class='ocrx_word' id='word_1_33' title='bbox 983 1217 1152 1284; x_wconf 85' lang='lat' dir='ltr'>efflorescit</span> <span class='ocrx_word' id='word_1_34' title='bbox 1181 1222 1215 1283; x_wconf 91' lang='lat' dir='ltr'>et</span> <span class='ocrx_word' id='word_1_35' title='bbox 1242 1217 1283 1282; x_wconf 88' lang='lat' dir='ltr'>ab</span> <span class='ocrx_word' id='word_1_36' title='bbox 1309 1218 1363 1283; x_wconf 92' lang='lat' dir='ltr'>illo</span> <span class='ocrx_word' id='word_1_37' title='bbox 1391 1236 1408 1284; x_wconf 92' lang='lat' dir='ltr'>e</span> <span class='ocrx_word' id='word_1_38' title='bbox 1436 1218 1508 1301; x_wconf 87' lang='lat' dir='ltr'>jure</span> <span class='ocrx_word' id='word_1_39' title='bbox 1536 1220 1693 1301; x_wconf 89' lang='lat' dir='ltr'>Romano,</span> <span class='ocrx_word' id='word_1_40' title='bbox 1725 1226 1876 1303; x_wconf 86' lang='lat' dir='ltr'>tanquam</span> <span class='ocrx_word' id='word_1_41' title='bbox 1903 1220 1990 1287; x_wconf 89' lang='lat' dir='ltr'>fonte</span> <span class='ocrx_word' id='word_1_42' title='bbox 2017 1222 2149 1304; x_wconf 89' lang='lat' dir='ltr'>perenni</span> 
     </span>
     <span class='ocr_line' id='line_1_5' title="bbox 408 1317 2147 1404; baseline -0.002 -14"><span class='ocrx_word' id='word_1_43' title='bbox 408 1324 525 1390; x_wconf 77' lang='lat' dir='ltr'>heusta</span> <span class='ocrx_word' id='word_1_44' title='bbox 545 1320 660 1401; x_wconf 85' lang='lat' dir='ltr'>iuerat,</span> <span class='ocrx_word' id='word_1_45' title='bbox 682 1339 751 1387; x_wconf 92' lang='lat' dir='ltr'>cum</span> <span class='ocrx_word' id='word_1_46' title='bbox 770 1320 911 1385; x_wconf 90' lang='lat' dir='ltr'>oratione</span> <span class='ocrx_word' id='word_1_47' title='bbox 929 1317 1048 1383; x_wconf 90' lang='lat' dir='ltr'>sociare</span> <span class='ocrx_word' id='word_1_48' title='bbox 1069 1318 1198 1399; x_wconf 90' lang='lat' dir='ltr'>cupiens</span> <span class='ocrx_word' id='word_1_49' title='bbox 1218 1317 1260 1383; x_wconf 87' lang='lat' dir='ltr'>ad</span> <span class='ocrx_word' id='word_1_50' title='bbox 1281 1336 1435 1383; x_wconf 86' lang='lat' dir='ltr'>smnmam</span> <span class='ocrx_word' id='word_1_51' title='bbox 1457 1318 1487 1385; x_wconf 89' lang='lat' dir='ltr'>J.</span> <span class='ocrx_word' id='word_1_52' title='bbox 1507 1318 1546 1386; x_wconf 91' lang='lat' dir='ltr'>U.</span> <span class='ocrx_word' id='word_1_53' title='bbox 1569 1318 1709 1384; x_wconf 90' lang='lat' dir='ltr'>lauream</span> <span class='ocrx_word' id='word_1_54' title='bbox 1730 1321 1897 1403; x_wconf 81' lang='lat' dir='ltr'>aspiravit,</span> <span class='ocrx_word' id='word_1_55' title='bbox 1917 1339 2045 1404; x_wconf 88' lang='lat' dir='ltr'>eamque</span> <span class='ocrx_word' id='word_1_56' title='bbox 2066 1338 2147 1387; x_wconf 88' lang='lat' dir='ltr'>anno</span> 
     </span>
     <span class='ocr_line' id='line_1_6' title="bbox 408 1417 2149 1503; baseline -0.001 -15"><span class='ocrx_word' id='word_1_57' title='bbox 408 1418 623 1503; x_wconf 76' lang='lat' dir='ltr'>thhltlIP]</span> <span class='ocrx_word' id='word_1_58' title='bbox 650 1438 755 1486; x_wconf 91' lang='lat' dir='ltr'>mense</span> <span class='ocrx_word' id='word_1_59' title='bbox 775 1418 892 1501; x_wconf 84' lang='lat' dir='ltr'>Aprili,</span> <span class='ocrx_word' id='word_1_60' title='bbox 923 1436 987 1483; x_wconf 94' lang='lat' dir='ltr'>una</span> <span class='ocrx_word' id='word_1_61' title='bbox 1014 1436 1085 1483; x_wconf 90' lang='lat' dir='ltr'>cum</span> <span class='ocrx_word' id='word_1_62' title='bbox 1110 1417 1232 1500; x_wconf 79' lang='lat' dir='ltr'>Vigelio</span> <span class='ocrx_word' id='word_1_63' title='bbox 1260 1424 1293 1483; x_wconf 89' lang='lat' dir='ltr'>et</span> <span class='ocrx_word' id='word_1_64' title='bbox 1321 1418 1458 1485; x_wconf 86' lang='lat' dir='ltr'>Hectore</span> <span class='ocrx_word' id='word_1_65' title='bbox 1485 1435 1505 1483; x_wconf 90' lang='lat' dir='ltr'>a</span> <span class='ocrx_word' id='word_1_66' title='bbox 1533 1418 1628 1485; x_wconf 92' lang='lat' dir='ltr'>Jossa</span> <span class='ocrx_word' id='word_1_67' title='bbox 1650 1418 1859 1503; x_wconf 90' lang='lat' dir='ltr'>Oldendorpio</span> <span class='ocrx_word' id='word_1_68' title='bbox 1886 1420 2050 1487; x_wconf 92' lang='lat' dir='ltr'>diribitore</span> <span class='ocrx_word' id='word_1_69' title='bbox 2077 1438 2149 1487; x_wconf 92' lang='lat' dir='ltr'>con·</span> 
     </span>
     <span class='ocr_line' id='line_1_7' title="bbox 409 1503 2148 1607; baseline 0 -20"><span class='ocrx_word' id='word_1_70' title='bbox 409 1526 559 1605; x_wconf 91' lang='lat' dir='ltr'>sequutus</span> <span class='ocrx_word' id='word_1_71' title='bbox 580 1519 732 1607; x_wconf 87' lang='lat' dir='ltr'>simulque</span> <span class='ocrx_word' id='word_1_72' title='bbox 752 1536 772 1584; x_wconf 91' lang='lat' dir='ltr'>a</span> <span class='ocrx_word' id='word_1_73' title='bbox 792 1518 935 1599; x_wconf 91' lang='lat' dir='ltr'>Principe</span> <span class='ocrx_word' id='word_1_74' title='bbox 957 1519 1041 1583; x_wconf 88' lang='lat' dir='ltr'>inter</span> <span class='ocrx_word' id='word_1_75' title='bbox 1061 1518 1179 1601; x_wconf 83' lang='lat' dir='ltr'>primos</span> <span class='ocrx_word' id='word_1_76' title='bbox 1201 1503 1314 1585; x_wconf 80' lang='lat' dir='ltr'>summi</span> <span class='ocrx_word' id='word_1_77' title='bbox 1331 1518 1511 1585; x_wconf 84' lang='lat' dir='ltr'>Tribunalis</span> <span class='ocrx_word' id='word_1_78' title='bbox 1528 1518 1681 1599; x_wconf 89' lang='lat' dir='ltr'>Hassiaci,</span> <span class='ocrx_word' id='word_1_79' title='bbox 1703 1536 1766 1600; x_wconf 93' lang='lat' dir='ltr'>quo</span> <span class='ocrx_word' id='word_1_80' title='bbox 1784 1518 1817 1584; x_wconf 95' lang='lat' dir='ltr'>iu</span> <span class='ocrx_word' id='word_1_81' title='bbox 1834 1521 1953 1586; x_wconf 80' lang='lat' dir='ltr'>caussis</span> <span class='ocrx_word' id='word_1_82' title='bbox 1973 1519 2148 1587; x_wconf 75' lang='lat' dir='ltr'>forensibus</span> 
     </span>
     <span class='ocr_line' id='line_1_8' title="bbox 408 1616 2149 1703; baseline -0.001 -16"><span class='ocrx_word' id='word_1_83' title='bbox 408 1620 589 1703; x_wconf 84' lang='lat' dir='ltr'>pmvocatio</span> <span class='ocrx_word' id='word_1_84' title='bbox 610 1625 661 1687; x_wconf 91' lang='lat' dir='ltr'>est</span> <span class='ocrx_word' id='word_1_85' title='bbox 681 1620 737 1699; x_wconf 91' lang='lat' dir='ltr'>iis,</span> <span class='ocrx_word' id='word_1_86' title='bbox 763 1617 816 1699; x_wconf 91' lang='lat' dir='ltr'>qui</span> <span class='ocrx_word' id='word_1_87' title='bbox 833 1617 905 1682; x_wconf 90' lang='lat' dir='ltr'>aliis</span> <span class='ocrx_word' id='word_1_88' title='bbox 932 1616 963 1681; x_wconf 92' lang='lat' dir='ltr'>in</span> <span class='ocrx_word' id='word_1_89' title='bbox 992 1618 1088 1683; x_wconf 85' lang='lat' dir='ltr'>curiis</span> <span class='ocrx_word' id='word_1_90' title='bbox 1115 1636 1225 1684; x_wconf 86' lang='lat' dir='ltr'>caussa</span> <span class='ocrx_word' id='word_1_91' title='bbox 1245 1619 1439 1700; x_wconf 87' lang='lat' dir='ltr'>oecidemnt,</span> <span class='ocrx_word' id='word_1_92' title='bbox 1466 1620 1651 1684; x_wconf 82' lang='lat' dir='ltr'>Assessores</span> <span class='ocrx_word' id='word_1_93' title='bbox 1671 1617 1772 1684; x_wconf 91' lang='lat' dir='ltr'>lectus</span> <span class='ocrx_word' id='word_1_94' title='bbox 1795 1623 1827 1683; x_wconf 90' lang='lat' dir='ltr'>et</span> <span class='ocrx_word' id='word_1_95' title='bbox 1849 1637 1912 1685; x_wconf 90' lang='lat' dir='ltr'>una</span> <span class='ocrx_word' id='word_1_96' title='bbox 1930 1638 2000 1686; x_wconf 88' lang='lat' dir='ltr'>curn</span> <span class='ocrx_word' id='word_1_97' title='bbox 2022 1621 2149 1703; x_wconf 83' lang='lat' dir='ltr'>collegis</span> 
     </span>
     <span class='ocr_line' id='line_1_9' title="bbox 409 1715 2151 1802; baseline 0.001 -16"><span class='ocrx_word' id='word_1_98' title='bbox 409 1719 551 1801; x_wconf 71' lang='lat' dir='ltr'>eiusdem</span> <span class='ocrx_word' id='word_1_99' title='bbox 571 1717 715 1785; x_wconf 90' lang='lat' dir='ltr'>Praesidi</span> <span class='ocrx_word' id='word_1_100' title='bbox 734 1716 872 1783; x_wconf 88' lang='lat' dir='ltr'>llrnoldo</span> <span class='ocrx_word' id='word_1_101' title='bbox 892 1734 912 1782; x_wconf 91' lang='lat' dir='ltr'>a</span> <span class='ocrx_word' id='word_1_102' title='bbox 932 1716 1126 1784; x_wconf 89' lang='lat' dir='ltr'>Viermunde</span> <span class='ocrx_word' id='word_1_103' title='bbox 1154 1718 1322 1800; x_wconf 78' lang='lat' dir='ltr'>adJunctus</span> <span class='ocrx_word' id='word_1_104' title='bbox 1350 1724 1410 1784; x_wconf 91' lang='lat' dir='ltr'>est.</span> <span class='ocrx_word' id='word_1_105' title='bbox 1460 1718 1504 1783; x_wconf 86' lang='lat' dir='ltr'>At</span> <span class='ocrx_word' id='word_1_106' title='bbox 1531 1735 1593 1799; x_wconf 90' lang='lat' dir='ltr'>qua</span> <span class='ocrx_word' id='word_1_107' title='bbox 1618 1715 1693 1798; x_wconf 90' lang='lat' dir='ltr'>lide,</span> <span class='ocrx_word' id='word_1_108' title='bbox 1731 1718 1902 1783; x_wconf 83' lang='lat' dir='ltr'>sanctitate</span> <span class='ocrx_word' id='word_1_109' title='bbox 1928 1724 1961 1785; x_wconf 93' lang='lat' dir='ltr'>et</span> <span class='ocrx_word' id='word_1_110' title='bbox 1988 1718 2151 1802; x_wconf 82' lang='lat' dir='ltr'>diligentia</span> 
     </span>
     <span class='ocr_line' id='line_1_10' title="bbox 408 1816 2149 1905; baseline 0.001 -20"><span class='ocrx_word' id='word_1_111' title='bbox 408 1836 507 1905; x_wconf 88' lang='lat' dir='ltr'>usque</span> <span class='ocrx_word' id='word_1_112' title='bbox 527 1818 568 1885; x_wconf 91' lang='lat' dir='ltr'>ad</span> <span class='ocrx_word' id='word_1_113' title='bbox 586 1823 756 1884; x_wconf 81' lang='lat' dir='ltr'>extremum</span> <span class='ocrx_word' id='word_1_114' title='bbox 776 1816 922 1899; x_wconf 89' lang='lat' dir='ltr'>spiritum</span> <span class='ocrx_word' id='word_1_115' title='bbox 940 1834 1055 1883; x_wconf 91' lang='lat' dir='ltr'>munus</span> <span class='ocrx_word' id='word_1_116' title='bbox 1076 1817 1108 1883; x_wconf 91' lang='lat' dir='ltr'>id</span> <span class='ocrx_word' id='word_1_117' title='bbox 1128 1817 1325 1899; x_wconf 87' lang='lat' dir='ltr'>sustinuerit,</span> <span class='ocrx_word' id='word_1_118' title='bbox 1345 1816 1398 1883; x_wconf 88' lang='lat' dir='ltr'>hic</span> <span class='ocrx_word' id='word_1_119' title='bbox 1418 1817 1520 1883; x_wconf 89' lang='lat' dir='ltr'>dicere</span> <span class='ocrx_word' id='word_1_120' title='bbox 1541 1816 1586 1881; x_wconf 95' lang='lat' dir='ltr'>nil</span> <span class='ocrx_word' id='word_1_121' title='bbox 1605 1818 1730 1882; x_wconf 89' lang='lat' dir='ltr'>attinet.</span> <span class='ocrx_word' id='word_1_122' title='bbox 1772 1818 1923 1885; x_wconf 85' lang='lat' dir='ltr'>Forensis</span> <span class='ocrx_word' id='word_1_123' title='bbox 1943 1822 2069 1901; x_wconf 83' lang='lat' dir='ltr'>negotia</span> <span class='ocrx_word' id='word_1_124' title='bbox 2087 1838 2149 1887; x_wconf 95' lang='lat' dir='ltr'>non</span> 
     </span>
     <span class='ocr_line' id='line_1_11' title="bbox 409 1915 2150 2001; baseline 0 -16"><span class='ocrx_word' id='word_1_125' title='bbox 409 1918 541 1985; x_wconf 82' lang='lat' dir='ltr'>infinitis</span> <span class='ocrx_word' id='word_1_126' title='bbox 567 1919 897 1999; x_wconf 79' lang='lat' dir='ltr'>concertationumque</span> <span class='ocrx_word' id='word_1_127' title='bbox 921 1916 1023 1999; x_wconf 91' lang='lat' dir='ltr'>plenis</span> <span class='ocrx_word' id='word_1_128' title='bbox 1052 1915 1336 1999; x_wconf 85' lang='lat' dir='ltr'>disputationibus,</span> <span class='ocrx_word' id='word_1_129' title='bbox 1376 1916 1434 1983; x_wconf 90' lang='lat' dir='ltr'>sed</span> <span class='ocrx_word' id='word_1_130' title='bbox 1462 1916 1651 1983; x_wconf 85' lang='lat' dir='ltr'>auctoritate</span> <span class='ocrx_word' id='word_1_131' title='bbox 1682 1918 1849 1999; x_wconf 90' lang='lat' dir='ltr'>praecipue</span> <span class='ocrx_word' id='word_1_132' title='bbox 1879 1922 1913 1985; x_wconf 92' lang='lat' dir='ltr'>et</span> <span class='ocrx_word' id='word_1_133' title='bbox 1940 1926 2016 1985; x_wconf 89' lang='lat' dir='ltr'>nutu</span> <span class='ocrx_word' id='word_1_134' title='bbox 2048 1920 2150 2001; x_wconf 83' lang='lat' dir='ltr'>legum</span> 
     </span>
     <span class='ocr_line' id='line_1_12' title="bbox 410 2015 2151 2102; baseline 0 -16"><span class='ocrx_word' id='word_1_135' title='bbox 410 2017 625 2085; x_wconf 83' lang='lat' dir='ltr'>constituebat</span> <span class='ocrx_word' id='word_1_136' title='bbox 647 2022 680 2083; x_wconf 92' lang='lat' dir='ltr'>et</span> <span class='ocrx_word' id='word_1_137' title='bbox 701 2017 744 2082; x_wconf 93' lang='lat' dir='ltr'>ab</span> <span class='ocrx_word' id='word_1_138' title='bbox 766 2016 876 2082; x_wconf 89' lang='lat' dir='ltr'>alienis</span> <span class='ocrx_word' id='word_1_139' title='bbox 896 2020 1049 2097; x_wconf 88' lang='lat' dir='ltr'>mentem,</span> <span class='ocrx_word' id='word_1_140' title='bbox 1082 2018 1202 2098; x_wconf 91' lang='lat' dir='ltr'>oculos,</span> <span class='ocrx_word' id='word_1_141' title='bbox 1234 2034 1361 2083; x_wconf 92' lang='lat' dir='ltr'>manum</span> <span class='ocrx_word' id='word_1_142' title='bbox 1382 2015 1578 2099; x_wconf 86' lang='lat' dir='ltr'>abstinebat,</span> <span class='ocrx_word' id='word_1_143' title='bbox 1606 2020 1643 2083; x_wconf 89' lang='lat' dir='ltr'>ut</span> <span class='ocrx_word' id='word_1_144' title='bbox 1666 2035 1737 2081; x_wconf 89' lang='lat' dir='ltr'>eum</span> <span class='ocrx_word' id='word_1_145' title='bbox 1758 2018 1824 2083; x_wconf 81' lang='lat' dir='ltr'>reri</span> <span class='ocrx_word' id='word_1_146' title='bbox 1846 2016 1935 2085; x_wconf 77' lang='lat' dir='ltr'>luris</span> <span class='ocrx_word' id='word_1_147' title='bbox 1957 2024 1991 2084; x_wconf 92' lang='lat' dir='ltr'>et</span> <span class='ocrx_word' id='word_1_148' title='bbox 2009 2020 2151 2102; x_wconf 83' lang='lat' dir='ltr'>jmtitiae</span> 
     </span>
     <span class='ocr_line' id='line_1_13' title="bbox 410 2116 2152 2201; baseline -0.001 -15"><span class='ocrx_word' id='word_1_149' title='bbox 410 2118 604 2186; x_wconf 86' lang='lat' dir='ltr'>sacerdotem</span> <span class='ocrx_word' id='word_1_150' title='bbox 634 2116 794 2199; x_wconf 90' lang='lat' dir='ltr'>appellare</span> <span class='ocrx_word' id='word_1_151' title='bbox 821 2116 930 2201; x_wconf 91' lang='lat' dir='ltr'>possis.</span> <span class='ocrx_word' id='word_1_152' title='bbox 980 2118 1018 2183; x_wconf 92' lang='lat' dir='ltr'>ln</span> <span class='ocrx_word' id='word_1_153' title='bbox 1044 2117 1175 2200; x_wconf 86' lang='lat' dir='ltr'>Repuhl.</span> <span class='ocrx_word' id='word_1_154' title='bbox 1212 2134 1336 2199; x_wconf 90' lang='lat' dir='ltr'>quoque</span> <span class='ocrx_word' id='word_1_155' title='bbox 1361 2116 1548 2182; x_wconf 79' lang='lat' dir='ltr'>Academica</span> <span class='ocrx_word' id='word_1_156' title='bbox 1584 2116 1727 2198; x_wconf 90' lang='lat' dir='ltr'>quintum</span> <span class='ocrx_word' id='word_1_157' title='bbox 1755 2116 1887 2189; x_wconf 83' lang='lat' dir='ltr'>Rector.</span> <span class='ocrx_word' id='word_1_158' title='bbox 1924 2117 2071 2185; x_wconf 88' lang='lat' dir='ltr'>Decanus</span> <span class='ocrx_word' id='word_1_159' title='bbox 2101 2123 2152 2186; x_wconf 91' lang='lat' dir='ltr'>ter</span> 
     </span>
     <span class='ocr_line' id='line_1_14' title="bbox 409 2215 2150 2303; baseline 0.001 -19"><span class='ocrx_word' id='word_1_160' title='bbox 409 2223 560 2302; x_wconf 85' lang='lat' dir='ltr'>quaterve</span> <span class='ocrx_word' id='word_1_161' title='bbox 583 2220 619 2283; x_wconf 93' lang='lat' dir='ltr'>et</span> <span class='ocrx_word' id='word_1_162' title='bbox 640 2217 764 2282; x_wconf 89' lang='lat' dir='ltr'>demum</span> <span class='ocrx_word' id='word_1_163' title='bbox 784 2216 880 2281; x_wconf 91' lang='lat' dir='ltr'>etiam</span> <span class='ocrx_word' id='word_1_164' title='bbox 900 2215 1039 2299; x_wconf 76' lang='lat' dir='ltr'>eiusdem</span> <span class='ocrx_word' id='word_1_165' title='bbox 1059 2215 1228 2299; x_wconf 83' lang='lat' dir='ltr'>Syndicue,</span> <span class='ocrx_word' id='word_1_166' title='bbox 1254 2232 1335 2297; x_wconf 91' lang='lat' dir='ltr'>quas</span> <span class='ocrx_word' id='word_1_167' title='bbox 1362 2220 1471 2299; x_wconf 87' lang='lat' dir='ltr'>partes</span> <span class='ocrx_word' id='word_1_168' title='bbox 1499 2233 1583 2281; x_wconf 87' lang='lat' dir='ltr'>anno</span> <span class='ocrx_word' id='word_1_169' title='bbox 1605 2216 1771 2283; x_wconf 85' lang='lat' dir='ltr'>MDLXVI</span> <span class='ocrx_word' id='word_1_170' title='bbox 1788 2216 1918 2299; x_wconf 87' lang='lat' dir='ltr'>jubente</span> <span class='ocrx_word' id='word_1_171' title='bbox 1937 2218 1985 2284; x_wconf 90' lang='lat' dir='ltr'>ita</span> <span class='ocrx_word' id='word_1_172' title='bbox 2005 2218 2150 2303; x_wconf 87' lang='lat' dir='ltr'>Principe</span> 
     </span>
     <span class='ocr_line' id='line_1_15' title="bbox 410 2314 2151 2400; baseline 0 -15"><span class='ocrx_word' id='word_1_173' title='bbox 410 2318 550 2400; x_wconf 86' lang='lat' dir='ltr'>suscepit</span> <span class='ocrx_word' id='word_1_174' title='bbox 567 2316 706 2399; x_wconf 87' lang='lat' dir='ltr'>primus,</span> <span class='ocrx_word' id='word_1_175' title='bbox 727 2318 773 2381; x_wconf 87' lang='lat' dir='ltr'>ita</span> <span class='ocrx_word' id='word_1_176' title='bbox 790 2332 849 2397; x_wconf 92' lang='lat' dir='ltr'>pro</span> <span class='ocrx_word' id='word_1_177' title='bbox 869 2315 971 2381; x_wconf 81' lang='lat' dir='ltr'>salute</span> <span class='ocrx_word' id='word_1_178' title='bbox 992 2314 1136 2400; x_wconf 86' lang='lat' dir='ltr'>publica,</span> <span class='ocrx_word' id='word_1_179' title='bbox 1158 2316 1247 2399; x_wconf 88' lang='lat' dir='ltr'>cujus</span> <span class='ocrx_word' id='word_1_180' title='bbox 1268 2333 1332 2381; x_wconf 93' lang='lat' dir='ltr'>nou</span> <span class='ocrx_word' id='word_1_181' title='bbox 1352 2315 1481 2381; x_wconf 91' lang='lat' dir='ltr'>minima</span> <span class='ocrx_word' id='word_1_182' title='bbox 1503 2332 1579 2398; x_wconf 89' lang='lat' dir='ltr'>pers</span> <span class='ocrx_word' id='word_1_183' title='bbox 1600 2316 1633 2381; x_wconf 92' lang='lat' dir='ltr'>in</span> <span class='ocrx_word' id='word_1_184' title='bbox 1656 2314 1850 2381; x_wconf 90' lang='lat' dir='ltr'>instituenda</span> <span class='ocrx_word' id='word_1_185' title='bbox 1871 2318 2047 2399; x_wconf 91' lang='lat' dir='ltr'>cumprimis</span> <span class='ocrx_word' id='word_1_186' title='bbox 2066 2326 2151 2385; x_wconf 90' lang='lat' dir='ltr'>recte</span> 
     </span>
     <span class='ocr_line' id='line_1_16' title="bbox 405 2415 2151 2500; baseline 0.001 -17"><span class='ocrx_word' id='word_1_187' title='bbox 405 2418 571 2500; x_wconf 77' lang='lat' dir='ltr'>iuventute</span> <span class='ocrx_word' id='word_1_188' title='bbox 590 2417 742 2498; x_wconf 78' lang='lat' dir='ltr'>vertitur,</span> <span class='ocrx_word' id='word_1_189' title='bbox 763 2415 910 2481; x_wconf 85' lang='lat' dir='ltr'>excubuit</span> <span class='ocrx_word' id='word_1_190' title='bbox 930 2420 964 2480; x_wconf 91' lang='lat' dir='ltr'>et</span> <span class='ocrx_word' id='word_1_191' title='bbox 980 2416 1131 2499; x_wconf 78' lang='lat' dir='ltr'>vigilavit,</span> <span class='ocrx_word' id='word_1_192' title='bbox 1151 2421 1190 2483; x_wconf 90' lang='lat' dir='ltr'>ut</span> <span class='ocrx_word' id='word_1_193' title='bbox 1207 2416 1284 2481; x_wconf 90' lang='lat' dir='ltr'>nihil</span> <span class='ocrx_word' id='word_1_194' title='bbox 1307 2417 1472 2500; x_wconf 90' lang='lat' dir='ltr'>quicquam</span> <span class='ocrx_word' id='word_1_195' title='bbox 1496 2432 1602 2481; x_wconf 87' lang='lat' dir='ltr'>eornm</span> <span class='ocrx_word' id='word_1_196' title='bbox 1625 2416 1795 2495; x_wconf 82' lang='lat' dir='ltr'>omitteret,</span> <span class='ocrx_word' id='word_1_197' title='bbox 1819 2432 1901 2497; x_wconf 88' lang='lat' dir='ltr'>quae</span> <span class='ocrx_word' id='word_1_198' title='bbox 1921 2416 1962 2482; x_wconf 93' lang='lat' dir='ltr'>ad</span> <span class='ocrx_word' id='word_1_199' title='bbox 1976 2418 2151 2500; x_wconf 85' lang='lat' dir='ltr'>juventutis</span> 
     </span>
     <span class='ocr_line' id='line_1_17' title="bbox 408 2515 2151 2609; baseline 0.001 -27"><span class='ocrx_word' id='word_1_200' title='bbox 408 2517 516 2583; x_wconf 89' lang='lat' dir='ltr'>studia</span> <span class='ocrx_word' id='word_1_201' title='bbox 536 2515 750 2598; x_wconf 82' lang='lat' dir='ltr'>promovenda</span> <span class='ocrx_word' id='word_1_202' title='bbox 773 2532 898 2597; x_wconf 90' lang='lat' dir='ltr'>quoquo</span> <span class='ocrx_word' id='word_1_203' title='bbox 924 2516 1017 2581; x_wconf 92' lang='lat' dir='ltr'>modo</span> <span class='ocrx_word' id='word_1_204' title='bbox 1041 2515 1143 2582; x_wconf 84' lang='lat' dir='ltr'>lacere</span> <span class='ocrx_word' id='word_1_205' title='bbox 1169 2516 1361 2582; x_wconf 81' lang='lat' dir='ltr'>riderentur.</span> <span class='ocrx_word' id='word_1_206' title='bbox 1410 2516 1551 2609; x_wconf 84' lang='lat' dir='ltr'>ideoque</span> <span class='ocrx_word' id='word_1_207' title='bbox 1571 2532 1641 2581; x_wconf 87' lang='lat' dir='ltr'>omn</span> <span class='ocrx_word' id='word_1_208' title='bbox 1661 2515 1852 2599; x_wconf 87' lang='lat' dir='ltr'>perspiceret</span> <span class='ocrx_word' id='word_1_209' title='bbox 1875 2518 2000 2583; x_wconf 92' lang='lat' dir='ltr'>omnino</span> <span class='ocrx_word' id='word_1_210' title='bbox 2020 2518 2111 2585; x_wconf 88' lang='lat' dir='ltr'>facile</span> <span class='ocrx_word' id='word_1_211' title='bbox 2133 2536 2151 2583; x_wconf 92' lang='lat' dir='ltr'>e</span> 
     </span>
     <span class='ocr_line' id='line_1_18' title="bbox 405 2614 2150 2701; baseline 0.001 -19"><span class='ocrx_word' id='word_1_212' title='bbox 405 2616 583 2701; x_wconf 87' lang='lat' dir='ltr'>juventutis</span> <span class='ocrx_word' id='word_1_213' title='bbox 602 2632 663 2681; x_wconf 91' lang='lat' dir='ltr'>usn</span> <span class='ocrx_word' id='word_1_214' title='bbox 683 2632 746 2679; x_wconf 94' lang='lat' dir='ltr'>non</span> <span class='ocrx_word' id='word_1_215' title='bbox 765 2632 849 2695; x_wconf 90' lang='lat' dir='ltr'>esse,</span> <span class='ocrx_word' id='word_1_216' title='bbox 878 2614 906 2680; x_wconf 87' lang='lat' dir='ltr'>si</span> <span class='ocrx_word' id='word_1_217' title='bbox 924 2615 1064 2697; x_wconf 77' lang='lat' dir='ltr'>eJusdem</span> <span class='ocrx_word' id='word_1_218' title='bbox 1088 2614 1244 2682; x_wconf 90' lang='lat' dir='ltr'>industria</span> <span class='ocrx_word' id='word_1_219' title='bbox 1271 2616 1367 2682; x_wconf 90' lang='lat' dir='ltr'>nullis</span> <span class='ocrx_word' id='word_1_220' title='bbox 1389 2615 1588 2681; x_wconf 87' lang='lat' dir='ltr'>scientiarum</span> <span class='ocrx_word' id='word_1_221' title='bbox 1610 2615 1756 2680; x_wconf 91' lang='lat' dir='ltr'>cancellis</span> <span class='ocrx_word' id='word_1_222' title='bbox 1784 2620 1818 2681; x_wconf 93' lang='lat' dir='ltr'>et</span> <span class='ocrx_word' id='word_1_223' title='bbox 1843 2614 1994 2683; x_wconf 92' lang='lat' dir='ltr'>limitibus</span> <span class='ocrx_word' id='word_1_224' title='bbox 2022 2618 2150 2683; x_wconf 88' lang='lat' dir='ltr'>circum-</span> 
     </span>
     <span class='ocr_line' id='line_1_19' title="bbox 409 2714 2151 2801; baseline 0 -17"><span class='ocrx_word' id='word_1_225' title='bbox 409 2718 527 2801; x_wconf 88' lang='lat' dir='ltr'>scripta</span> <span class='ocrx_word' id='word_1_226' title='bbox 543 2714 775 2782; x_wconf 88' lang='lat' dir='ltr'>distraheretur</span> <span class='ocrx_word' id='word_1_227' title='bbox 785 2715 818 2795; x_wconf 84' lang='lat'>²)</span> <span class='ocrx_word' id='word_1_228' title='bbox 844 2715 878 2780; x_wconf 89' lang='lat' dir='ltr'>in</span> <span class='ocrx_word' id='word_1_229' title='bbox 898 2715 1004 2798; x_wconf 88' lang='lat' dir='ltr'>plura,</span> <span class='ocrx_word' id='word_1_230' title='bbox 1030 2716 1063 2781; x_wconf 95' lang='lat' dir='ltr'>id</span> <span class='ocrx_word' id='word_1_231' title='bbox 1082 2714 1278 2783; x_wconf 84' lang='lat' dir='ltr'>authoritate</span> <span class='ocrx_word' id='word_1_232' title='bbox 1299 2714 1403 2783; x_wconf 86' lang='lat' dir='ltr'>etfacit</span> <span class='ocrx_word' id='word_1_233' title='bbox 1424 2732 1498 2796; x_wconf 88' lang='lat' dir='ltr'>sua,</span> <span class='ocrx_word' id='word_1_234' title='bbox 1527 2718 1564 2780; x_wconf 93' lang='lat' dir='ltr'>ut</span> <span class='ocrx_word' id='word_1_235' title='bbox 1583 2715 1734 2797; x_wconf 79' lang='lat' dir='ltr'>cuiusque</span> <span class='ocrx_word' id='word_1_236' title='bbox 1765 2716 1880 2780; x_wconf 85' lang='lat' dir='ltr'>aetatis</span> <span class='ocrx_word' id='word_1_237' title='bbox 1908 2720 1942 2781; x_wconf 91' lang='lat' dir='ltr'>et</span> <span class='ocrx_word' id='word_1_238' title='bbox 1969 2716 2151 2800; x_wconf 88' lang='lat' dir='ltr'>disciplinae</span> 
     </span>
     <span class='ocr_line' id='line_1_20' title="bbox 408 2812 2150 2901; baseline 0.001 -18"><span class='ocrx_word' id='word_1_239' title='bbox 408 2834 558 2901; x_wconf 79' lang='lat' dir='ltr'>synopses</span> <span class='ocrx_word' id='word_1_240' title='bbox 577 2818 611 2881; x_wconf 87' lang='lat' dir='ltr'>et</span> <span class='ocrx_word' id='word_1_241' title='bbox 631 2816 786 2897; x_wconf 88' lang='lat' dir='ltr'>epitomae</span> <span class='ocrx_word' id='word_1_242' title='bbox 813 2819 900 2880; x_wconf 89' lang='lat' dir='ltr'>certo</span> <span class='ocrx_word' id='word_1_243' title='bbox 928 2814 1040 2882; x_wconf 91' lang='lat' dir='ltr'>ordine</span> <span class='ocrx_word' id='word_1_244' title='bbox 1063 2814 1241 2897; x_wconf 78' lang='lat' dir='ltr'>dmmlptae</span> <span class='ocrx_word' id='word_1_245' title='bbox 1268 2818 1303 2882; x_wconf 91' lang='lat' dir='ltr'>et</span> <span class='ocrx_word' id='word_1_246' title='bbox 1328 2814 1533 2897; x_wconf 75' lang='lat' dir='ltr'>informatae,</span> <span class='ocrx_word' id='word_1_247' title='bbox 1572 2812 1713 2895; x_wconf 85' lang='lat' dir='ltr'>adeoque</span> <span class='ocrx_word' id='word_1_248' title='bbox 1739 2813 1835 2880; x_wconf 88' lang='lat' dir='ltr'>veluti</span> <span class='ocrx_word' id='word_1_249' title='bbox 1864 2814 1999 2881; x_wconf 84' lang='lat' dir='ltr'>aurificis</span> <span class='ocrx_word' id='word_1_250' title='bbox 2028 2822 2150 2883; x_wconf 90' lang='lat' dir='ltr'>statera</span> 
     </span>
     <span class='ocr_line' id='line_1_21' title="bbox 410 2912 2150 2999; baseline -0.001 -15"><span class='ocrx_word' id='word_1_251' title='bbox 410 2918 531 2999; x_wconf 84' lang='lat' dir='ltr'>aliqua,</span> <span class='ocrx_word' id='word_1_252' title='bbox 559 2920 750 2981; x_wconf 84' lang='lat' dir='ltr'>nouantem</span> <span class='ocrx_word' id='word_1_253' title='bbox 771 2914 918 2999; x_wconf 88' lang='lat' dir='ltr'>populari</span> <span class='ocrx_word' id='word_1_254' title='bbox 946 2914 1084 2997; x_wconf 82' lang='lat' dir='ltr'>quadarn</span> <span class='ocrx_word' id='word_1_255' title='bbox 1109 2916 1232 2981; x_wconf 83' lang='lat' dir='ltr'>trutim</span> <span class='ocrx_word' id='word_1_256' title='bbox 1253 2916 1450 2981; x_wconf 82' lang='lat' dir='ltr'>examinatae</span> <span class='ocrx_word' id='word_1_257' title='bbox 1474 2918 1724 2996; x_wconf 89' lang='lat' dir='ltr'>proponerentur</span> <span class='ocrx_word' id='word_1_258' title='bbox 1743 2912 1880 2997; x_wconf 89' lang='lat' dir='ltr'>publice,</span> <span class='ocrx_word' id='word_1_259' title='bbox 1911 2915 2065 2997; x_wconf 89' lang='lat' dir='ltr'>equibus</span> <span class='ocrx_word' id='word_1_260' title='bbox 2087 2918 2150 2983; x_wconf 86' lang='lat' dir='ltr'>ista</span> 
     </span>
     <span class='ocr_line' id='line_1_22' title="bbox 408 3012 2151 3098; baseline 0.001 -16"><span class='ocrx_word' id='word_1_261' title='bbox 408 3035 472 3082; x_wconf 87' lang='lat' dir='ltr'>uno</span> <span class='ocrx_word' id='word_1_262' title='bbox 512 3016 604 3098; x_wconf 86' lang='lat' dir='ltr'>quasi</span> <span class='ocrx_word' id='word_1_263' title='bbox 644 3015 760 3080; x_wconf 91' lang='lat' dir='ltr'>intuitu</span> <span class='ocrx_word' id='word_1_264' title='bbox 803 3016 866 3079; x_wconf 86' lang='lat' dir='ltr'>vim</span> <span class='ocrx_word' id='word_1_265' title='bbox 898 3020 1108 3097; x_wconf 90' lang='lat' dir='ltr'>naturamque</span> <span class='ocrx_word' id='word_1_266' title='bbox 1146 3032 1251 3081; x_wconf 86' lang='lat' dir='ltr'>rerum</span> <span class='ocrx_word' id='word_1_267' title='bbox 1286 3015 1424 3081; x_wconf 89' lang='lat' dir='ltr'>scientiis</span> <span class='ocrx_word' id='word_1_268' title='bbox 1471 3020 1505 3080; x_wconf 88' lang='lat' dir='ltr'>et</span> <span class='ocrx_word' id='word_1_269' title='bbox 1539 3012 1709 3095; x_wconf 91' lang='lat' dir='ltr'>discipliuis</span> <span class='ocrx_word' id='word_1_270' title='bbox 1746 3012 1822 3097; x_wconf 90' lang='lat' dir='ltr'>ipsis</span> <span class='ocrx_word' id='word_1_271' title='bbox 1858 3014 2151 3096; x_wconf 89' lang='lat' dir='ltr'>comprehensarum</span> 
     </span>
     <span class='ocr_line' id='line_1_23' title="bbox 406 3111 2151 3200; baseline 0.001 -20"><span class='ocrx_word' id='word_1_272' title='bbox 406 3115 609 3200; x_wconf 88' lang='lat' dir='ltr'>perspiceret,</span> <span class='ocrx_word' id='word_1_273' title='bbox 633 3118 789 3197; x_wconf 88' lang='lat' dir='ltr'>tantoque</span> <span class='ocrx_word' id='word_1_274' title='bbox 809 3118 911 3179; x_wconf 85' lang='lat' dir='ltr'>artem</span> <span class='ocrx_word' id='word_1_275' title='bbox 931 3114 1103 3197; x_wconf 90' lang='lat' dir='ltr'>quamhbet</span> <span class='ocrx_word' id='word_1_276' title='bbox 1122 3116 1226 3181; x_wconf 90' lang='lat' dir='ltr'>animo</span> <span class='ocrx_word' id='word_1_277' title='bbox 1244 3116 1505 3197; x_wconf 85' lang='lat' dir='ltr'>complecteretur</span> <span class='ocrx_word' id='word_1_278' title='bbox 1523 3111 1656 3180; x_wconf 88' lang='lat' dir='ltr'>lucilius.</span> <span class='ocrx_word' id='word_1_279' title='bbox 1699 3112 1801 3195; x_wconf 77' lang='lat' dir='ltr'>Atque</span> <span class='ocrx_word' id='word_1_280' title='bbox 1822 3112 1905 3179; x_wconf 87' lang='lat' dir='ltr'>inter</span> <span class='ocrx_word' id='word_1_281' title='bbox 1924 3114 2004 3181; x_wconf 90' lang='lat' dir='ltr'>istas</span> <span class='ocrx_word' id='word_1_282' title='bbox 2025 3116 2151 3197; x_wconf 91' lang='lat' dir='ltr'>quidem</span> 
     </span>
     <span class='ocr_line' id='line_1_24' title="bbox 408 3214 2152 3299; baseline 0.001 -17"><span class='ocrx_word' id='word_1_283' title='bbox 408 3233 502 3282; x_wconf 87' lang='lat' dir='ltr'>curas</span> <span class='ocrx_word' id='word_1_284' title='bbox 524 3215 807 3296; x_wconf 78' lang='lat' dir='ltr'>cogitationesque,</span> <span class='ocrx_word' id='word_1_285' title='bbox 831 3214 937 3280; x_wconf 88' lang='lat' dir='ltr'>studia</span> <span class='ocrx_word' id='word_1_286' title='bbox 956 3221 990 3281; x_wconf 91' lang='lat' dir='ltr'>et</span> <span class='ocrx_word' id='word_1_287' title='bbox 1006 3216 1051 3280; x_wconf 92' lang='lat' dir='ltr'>rei</span> <span class='ocrx_word' id='word_1_288' title='bbox 1070 3215 1258 3281; x_wconf 89' lang='lat' dir='ltr'>domesticae</span> <span class='ocrx_word' id='word_1_289' title='bbox 1281 3214 1482 3281; x_wconf 84' lang='lat' dir='ltr'>difficultates</span> <span class='ocrx_word' id='word_1_290' title='bbox 1505 3232 1600 3296; x_wconf 91' lang='lat' dir='ltr'>quum</span> <span class='ocrx_word' id='word_1_291' title='bbox 1619 3214 1813 3294; x_wconf 83' lang='lat' dir='ltr'>Assessoris,</span> <span class='ocrx_word' id='word_1_292' title='bbox 1833 3214 2003 3297; x_wconf 85' lang='lat' dir='ltr'>Senatoris,</span> <span class='ocrx_word' id='word_1_293' title='bbox 2024 3216 2152 3299; x_wconf 88' lang='lat' dir='ltr'>Dccani,</span> 
     </span>
     <span class='ocr_line' id='line_1_25' title="bbox 408 3312 2150 3397; baseline 0.001 -16"><span class='ocrx_word' id='word_1_294' title='bbox 408 3316 554 3382; x_wconf 83' lang='lat' dir='ltr'>Rectoris</span> <span class='ocrx_word' id='word_1_295' title='bbox 572 3320 605 3380; x_wconf 92' lang='lat' dir='ltr'>et</span> <span class='ocrx_word' id='word_1_296' title='bbox 625 3314 818 3380; x_wconf 85' lang='lat' dir='ltr'>Prorectoria</span> <span class='ocrx_word' id='word_1_297' title='bbox 837 3314 1022 3397; x_wconf 79' lang='lat' dir='ltr'>dignitatem</span> <span class='ocrx_word' id='word_1_298' title='bbox 1048 3332 1110 3381; x_wconf 91' lang='lat' dir='ltr'>non</span> <span class='ocrx_word' id='word_1_299' title='bbox 1141 3314 1208 3381; x_wconf 92' lang='lat' dir='ltr'>sine</span> <span class='ocrx_word' id='word_1_300' title='bbox 1232 3313 1322 3396; x_wconf 85' lang='lat' dir='ltr'>fidei,</span> <span class='ocrx_word' id='word_1_301' title='bbox 1351 3314 1530 3381; x_wconf 84' lang='lat' dir='ltr'>sedulitatis</span> <span class='ocrx_word' id='word_1_302' title='bbox 1561 3318 1596 3377; x_wconf 92' lang='lat' dir='ltr'>et</span> <span class='ocrx_word' id='word_1_303' title='bbox 1624 3312 1794 3378; x_wconf 87' lang='lat' dir='ltr'>industriae</span> <span class='ocrx_word' id='word_1_304' title='bbox 1824 3312 1915 3378; x_wconf 90' lang='lat' dir='ltr'>laude</span> <span class='ocrx_word' id='word_1_305' title='bbox 1939 3317 2150 3397; x_wconf 83' lang='lat' dir='ltr'>sustinuisset,</span> 
     </span>
     <span class='ocr_line' id='line_1_26' title="bbox 409 3412 2150 3499; baseline 0.001 -18"><span class='ocrx_word' id='word_1_306' title='bbox 409 3432 603 3499; x_wconf 90' lang='lat' dir='ltr'>operamque</span> <span class='ocrx_word' id='word_1_307' title='bbox 623 3432 713 3481; x_wconf 91' lang='lat' dir='ltr'>suam</span> <span class='ocrx_word' id='word_1_308' title='bbox 734 3430 833 3480; x_wconf 90' lang='lat' dir='ltr'>annos</span> <span class='ocrx_word' id='word_1_309' title='bbox 850 3415 923 3497; x_wconf 92' lang='lat' dir='ltr'>plus</span> <span class='ocrx_word' id='word_1_310' title='bbox 944 3416 1047 3481; x_wconf 87' lang='lat' dir='ltr'>minus</span> <span class='ocrx_word' id='word_1_311' title='bbox 1068 3414 1173 3480; x_wconf 83' lang='lat' dir='ltr'>XLIII</span> <span class='ocrx_word' id='word_1_312' title='bbox 1194 3413 1327 3497; x_wconf 87' lang='lat' dir='ltr'>Reipub.</span> <span class='ocrx_word' id='word_1_313' title='bbox 1347 3419 1511 3493; x_wconf 87' lang='lat' dir='ltr'>navasset,</span> <span class='ocrx_word' id='word_1_314' title='bbox 1530 3429 1613 3478; x_wconf 90' lang='lat' dir='ltr'>anno</span> <span class='ocrx_word' id='word_1_315' title='bbox 1636 3412 1752 3479; x_wconf 91' lang='lat' dir='ltr'>Salutis</span> <span class='ocrx_word' id='word_1_316' title='bbox 1765 3412 1983 3485; x_wconf 82' lang='lat' dir='ltr'>MDLXXX³l</span> <span class='ocrx_word' id='word_1_317' title='bbox 2002 3414 2150 3482; x_wconf 89' lang='lat' dir='ltr'>catarrho</span> 
     </span>
     <span class='ocr_line' id='line_1_27' title="bbox 409 3510 2150 3597; baseline 0 -16"><span class='ocrx_word' id='word_1_318' title='bbox 409 3514 593 3597; x_wconf 87' lang='lat' dir='ltr'>epidemico,</span> <span class='ocrx_word' id='word_1_319' title='bbox 631 3514 685 3595; x_wconf 93' lang='lat' dir='ltr'>qui</span> <span class='ocrx_word' id='word_1_320' title='bbox 722 3514 943 3596; x_wconf 68' lang='lat' dir='ltr'>nniversamt)</span> <span class='ocrx_word' id='word_1_321' title='bbox 978 3514 1204 3597; x_wconf 89' lang='lat' dir='ltr'>propemodum</span> <span class='ocrx_word' id='word_1_322' title='bbox 1237 3516 1421 3595; x_wconf 84' lang='lat' dir='ltr'>pervaserat</span> <span class='ocrx_word' id='word_1_323' title='bbox 1453 3510 1626 3594; x_wconf 84' lang='lat' dir='ltr'>Europam,</span> <span class='ocrx_word' id='word_1_324' title='bbox 1660 3518 1824 3593; x_wconf 91' lang='lat' dir='ltr'>correptus</span> <span class='ocrx_word' id='word_1_325' title='bbox 1852 3512 1973 3579; x_wconf 83' lang='lat' dir='ltr'>xxlrx</span> <span class='ocrx_word' id='word_1_326' title='bbox 2002 3514 2150 3581; x_wconf 89' lang='lat' dir='ltr'>Novemb.</span> 
     </span>
     <span class='ocr_line' id='line_1_28' title="bbox 408 3610 2148 3697; baseline 0.001 -17"><span class='ocrx_word' id='word_1_327' title='bbox 408 3633 589 3697; x_wconf 89' lang='lat' dir='ltr'>supremum</span> <span class='ocrx_word' id='word_1_328' title='bbox 603 3613 682 3679; x_wconf 90' lang='lat' dir='ltr'>ihud</span> <span class='ocrx_word' id='word_1_329' title='bbox 695 3614 787 3679; x_wconf 84' lang='lat' dir='ltr'>inivit</span> <span class='ocrx_word' id='word_1_330' title='bbox 799 3614 870 3695; x_wconf 86' lang='lat' dir='ltr'>iter,</span> <span class='ocrx_word' id='word_1_331' title='bbox 892 3630 954 3695; x_wconf 90' lang='lat' dir='ltr'>quo</span> <span class='ocrx_word' id='word_1_332' title='bbox 976 3612 1115 3678; x_wconf 88' lang='lat' dir='ltr'>coniecto</span> <span class='ocrx_word' id='word_1_333' title='bbox 1135 3611 1221 3678; x_wconf 90' lang='lat' dir='ltr'>nulla</span> <span class='ocrx_word' id='word_1_334' title='bbox 1241 3612 1374 3694; x_wconf 90' lang='lat' dir='ltr'>amphus</span> <span class='ocrx_word' id='word_1_335' title='bbox 1396 3630 1472 3679; x_wconf 89' lang='lat' dir='ltr'>cura</span> <span class='ocrx_word' id='word_1_336' title='bbox 1492 3618 1549 3677; x_wconf 89' lang='lat' dir='ltr'>aut</span> <span class='ocrx_word' id='word_1_337' title='bbox 1571 3610 1735 3676; x_wconf 89' lang='lat' dir='ltr'>solicitudo</span> <span class='ocrx_word' id='word_1_338' title='bbox 1756 3612 1877 3693; x_wconf 89' lang='lat' dir='ltr'>reliqua</span> <span class='ocrx_word' id='word_1_339' title='bbox 1898 3618 1956 3694; x_wconf 90' lang='lat' dir='ltr'>est,</span> <span class='ocrx_word' id='word_1_340' title='bbox 1979 3614 2094 3695; x_wconf 90' lang='lat' dir='ltr'>liberis,</span> <span class='ocrx_word' id='word_1_341' title='bbox 2116 3618 2148 3681; x_wconf 92' lang='lat' dir='ltr'>in</span> 
     </span>
     <span class='ocr_line' id='line_1_29' title="bbox 408 3710 2152 3797; baseline -0.001 -16"><span class='ocrx_word' id='word_1_342' title='bbox 408 3714 526 3797; x_wconf 91' lang='lat' dir='ltr'>quihus</span> <span class='ocrx_word' id='word_1_343' title='bbox 555 3730 625 3780; x_wconf 93' lang='lat' dir='ltr'>cum</span> <span class='ocrx_word' id='word_1_344' title='bbox 655 3713 788 3778; x_wconf 92' lang='lat' dir='ltr'>nominis</span> <span class='ocrx_word' id='word_1_345' title='bbox 815 3713 982 3795; x_wconf 90' lang='lat' dir='ltr'>memoria,</span> <span class='ocrx_word' id='word_1_346' title='bbox 1018 3718 1086 3778; x_wconf 93' lang='lat' dir='ltr'>tum</span> <span class='ocrx_word' id='word_1_347' title='bbox 1113 3729 1189 3779; x_wconf 83' lang='lat' dir='ltr'>vero</span> <span class='ocrx_word' id='word_1_348' title='bbox 1216 3714 1342 3794; x_wconf 81' lang='lat' dir='ltr'>generis</span> <span class='ocrx_word' id='word_1_349' title='bbox 1368 3711 1503 3778; x_wconf 82' lang='lat' dir='ltr'>fulcrum</span> <span class='ocrx_word' id='word_1_350' title='bbox 1535 3710 1670 3793; x_wconf 91' lang='lat' dir='ltr'>positum</span> <span class='ocrx_word' id='word_1_351' title='bbox 1702 3715 1768 3791; x_wconf 92' lang='lat' dir='ltr'>est,</span> <span class='ocrx_word' id='word_1_352' title='bbox 1806 3712 1969 3793; x_wconf 84' lang='lat' dir='ltr'>dignitatis</span> <span class='ocrx_word' id='word_1_353' title='bbox 1997 3720 2152 3796; x_wconf 87' lang='lat' dir='ltr'>paternae</span> 
     </span>
     <span class='ocr_line' id='line_1_30' title="bbox 408 3810 2150 3899; baseline -0.001 -19"><span class='ocrx_word' id='word_1_354' title='bbox 408 3813 538 3880; x_wconf 89' lang='lat' dir='ltr'>aemulis</span> <span class='ocrx_word' id='word_1_355' title='bbox 567 3818 601 3879; x_wconf 89' lang='lat' dir='ltr'>et</span> <span class='ocrx_word' id='word_1_356' title='bbox 628 3814 712 3878; x_wconf 93' lang='lat' dir='ltr'>omni</span> <span class='ocrx_word' id='word_1_357' title='bbox 738 3810 942 3879; x_wconf 89' lang='lat' dir='ltr'>honestarum</span> <span class='ocrx_word' id='word_1_358' title='bbox 969 3813 1085 3879; x_wconf 89' lang='lat' dir='ltr'>artium</span> <span class='ocrx_word' id='word_1_359' title='bbox 1116 3828 1230 3894; x_wconf 76' lang='lat' dir='ltr'>genero</span> <span class='ocrx_word' id='word_1_360' title='bbox 1261 3830 1324 3879; x_wconf 90' lang='lat' dir='ltr'>non</span> <span class='ocrx_word' id='word_1_361' title='bbox 1351 3810 1551 3878; x_wconf 91' lang='lat' dir='ltr'>mediocriter</span> <span class='ocrx_word' id='word_1_362' title='bbox 1580 3810 1715 3877; x_wconf 84' lang='lat' dir='ltr'>versatis</span> <span class='ocrx_word' id='word_1_363' title='bbox 1744 3812 1979 3895; x_wconf 89' lang='lat' dir='ltr'>superstitibus,</span> <span class='ocrx_word' id='word_1_364' title='bbox 2008 3813 2150 3899; x_wconf 89' lang='lat' dir='ltr'>Philippo</span> 
     </span>
     <span class='ocr_line' id='line_1_31' title="bbox 409 3908 2151 3995; baseline 0 -16"><span class='ocrx_word' id='word_1_365' title='bbox 409 3912 572 3980; x_wconf 83' lang='lat' dir='ltr'>Matthaeo</span> <span class='ocrx_word' id='word_1_366' title='bbox 593 3911 625 3979; x_wconf 85' lang='lat' dir='ltr'>J.</span> <span class='ocrx_word' id='word_1_367' title='bbox 647 3912 687 3978; x_wconf 90' lang='lat' dir='ltr'>U.</span> <span class='ocrx_word' id='word_1_368' title='bbox 710 3913 749 3979; x_wconf 83' lang='lat' dir='ltr'>D.</span> <span class='ocrx_word' id='word_1_369' title='bbox 771 3930 965 3993; x_wconf 89' lang='lat' dir='ltr'>successore,</span> <span class='ocrx_word' id='word_1_370' title='bbox 995 3912 1131 3979; x_wconf 83' lang='lat' dir='ltr'>ilenrico</span> <span class='ocrx_word' id='word_1_371' title='bbox 1156 3912 1347 3979; x_wconf 87' lang='lat' dir='ltr'>Ecclesiaste</span> <span class='ocrx_word' id='word_1_372' title='bbox 1374 3912 1539 3995; x_wconf 91' lang='lat' dir='ltr'>Palatino,</span> <span class='ocrx_word' id='word_1_373' title='bbox 1572 3908 1694 3977; x_wconf 78' lang='lat' dir='ltr'>Ioanne</span> <span class='ocrx_word' id='word_1_374' title='bbox 1722 3910 1893 3977; x_wconf 81' lang='lat' dir='ltr'>Archiatro</span> <span class='ocrx_word' id='word_1_375' title='bbox 1918 3912 2088 3981; x_wconf 88' lang='lat' dir='ltr'>Nassovico</span> <span class='ocrx_word' id='word_1_376' title='bbox 2117 3919 2151 3979; x_wconf 91' lang='lat' dir='ltr'>et</span> 
     </span>
     <span class='ocr_line' id='line_1_32' title="bbox 407 4008 2150 4096; baseline 0 -17"><span class='ocrx_word' id='word_1_377' title='bbox 407 4014 545 4079; x_wconf 82' lang='lat' dir='ltr'>Antonio</span> <span class='ocrx_word' id='word_1_378' title='bbox 565 4012 624 4080; x_wconf 77' lang='lat' dir='ltr'>JO.</span> <span class='ocrx_word' id='word_1_379' title='bbox 648 4018 682 4079; x_wconf 89' lang='lat' dir='ltr'>et</span> <span class='ocrx_word' id='word_1_380' title='bbox 700 4012 798 4079; x_wconf 82' lang='lat' dir='ltr'>head.</span> <span class='ocrx_word' id='word_1_381' title='bbox 819 4012 919 4096; x_wconf 82' lang='lat' dir='ltr'>Marp.</span> <span class='ocrx_word' id='word_1_382' title='bbox 942 4012 1121 4079; x_wconf 68' lang='lat' dir='ltr'>hoiessore</span> <span class='ocrx_word' id='word_1_383' title='bbox 1131 4014 1175 4095; x_wconf 87' lang='lat'>⁸),</span> <span class='ocrx_word' id='word_1_384' title='bbox 1196 4018 1234 4079; x_wconf 89' lang='lat' dir='ltr'>ut</span> <span class='ocrx_word' id='word_1_385' title='bbox 1255 4030 1317 4079; x_wconf 94' lang='lat' dir='ltr'>non</span> <span class='ocrx_word' id='word_1_386' title='bbox 1338 4012 1494 4079; x_wconf 89' lang='lat' dir='ltr'>immerito</span> <span class='ocrx_word' id='word_1_387' title='bbox 1516 4028 1587 4077; x_wconf 91' lang='lat' dir='ltr'>cum</span> <span class='ocrx_word' id='word_1_388' title='bbox 1608 4010 1708 4075; x_wconf 89' lang='lat' dir='ltr'>Bruto</span> <span class='ocrx_word' id='word_1_389' title='bbox 1730 4010 1813 4093; x_wconf 92' lang='lat' dir='ltr'>apud</span> <span class='ocrx_word' id='word_1_390' title='bbox 1836 4008 2015 4078; x_wconf 73' lang='lat' dir='ltr'>Oicmonem</span> <span class='ocrx_word' id='word_1_391' title='bbox 2037 4013 2090 4079; x_wconf 92' lang='lat' dir='ltr'>lib.</span> <span class='ocrx_word' id='word_1_392' title='bbox 2112 4014 2150 4079; x_wconf 90' lang='lat' dir='ltr'>de</span> 
     </span>
     <span class='ocr_line' id='line_1_33' title="bbox 408 4110 2152 4197; baseline 0.001 -18"><span class='ocrx_word' id='word_1_393' title='bbox 408 4114 484 4179; x_wconf 90' lang='lat' dir='ltr'>clar.</span> <span class='ocrx_word' id='word_1_394' title='bbox 505 4111 684 4179; x_wconf 88' lang='lat' dir='ltr'>oratoribus</span> <span class='ocrx_word' id='word_1_395' title='bbox 704 4114 878 4179; x_wconf 84' lang='lat' dir='ltr'>exclamare</span> <span class='ocrx_word' id='word_1_396' title='bbox 897 4112 1006 4179; x_wconf 90' lang='lat' dir='ltr'>liceat:</span> <span class='ocrx_word' id='word_1_397' title='bbox 1038 4132 1057 4179; x_wconf 94' lang='lat' dir='ltr'>o</span> <span class='ocrx_word' id='word_1_398' title='bbox 1078 4130 1264 4195; x_wconf 84' lang='lat' dir='ltr'>generosam</span> <span class='ocrx_word' id='word_1_399' title='bbox 1293 4113 1439 4197; x_wconf 89' lang='lat' dir='ltr'>stirpem,</span> <span class='ocrx_word' id='word_1_400' title='bbox 1466 4116 1501 4179; x_wconf 90' lang='lat' dir='ltr'>et</span> <span class='ocrx_word' id='word_1_401' title='bbox 1525 4116 1678 4193; x_wconf 91' lang='lat' dir='ltr'>tauquam</span> <span class='ocrx_word' id='word_1_402' title='bbox 1708 4110 1739 4175; x_wconf 94' lang='lat' dir='ltr'>in</span> <span class='ocrx_word' id='word_1_403' title='bbox 1768 4127 1861 4175; x_wconf 90' lang='lat' dir='ltr'>unam</span> <span class='ocrx_word' id='word_1_404' title='bbox 1889 4112 2034 4179; x_wconf 89' lang='lat' dir='ltr'>arborem</span> <span class='ocrx_word' id='word_1_405' title='bbox 2059 4113 2152 4197; x_wconf 88' lang='lat' dir='ltr'>plura</span> 
     </span>
     <span class='ocr_line' id='line_1_34' title="bbox 410 4210 2152 4295; baseline 0 -16"><span class='ocrx_word' id='word_1_406' title='bbox 410 4230 545 4295; x_wconf 74' lang='lat' dir='ltr'>gemma,</span> <span class='ocrx_word' id='word_1_407' title='bbox 566 4214 611 4279; x_wconf 88' lang='lat' dir='ltr'>sic</span> <span class='ocrx_word' id='word_1_408' title='bbox 631 4212 664 4279; x_wconf 90' lang='lat' dir='ltr'>in</span> <span class='ocrx_word' id='word_1_409' title='bbox 684 4212 779 4279; x_wconf 89' lang='lat' dir='ltr'>istam</span> <span class='ocrx_word' id='word_1_410' title='bbox 793 4212 919 4278; x_wconf 92' lang='lat' dir='ltr'>domum</span> <span class='ocrx_word' id='word_1_411' title='bbox 935 4213 1106 4279; x_wconf 77' lang='lat' dir='ltr'>moritorum</span> <span class='ocrx_word' id='word_1_412' title='bbox 1127 4212 1254 4279; x_wconf 87' lang='lat' dir='ltr'>insitam</span> <span class='ocrx_word' id='word_1_413' title='bbox 1274 4212 1473 4295; x_wconf 89' lang='lat' dir='ltr'>sapientiam.</span> <span class='ocrx_word' id='word_1_414' title='bbox 1516 4210 1658 4277; x_wconf 75' lang='lat' dir='ltr'>Gadamr</span> <span class='ocrx_word' id='word_1_415' title='bbox 1675 4210 1707 4273; x_wconf 95' lang='lat' dir='ltr'>in</span> <span class='ocrx_word' id='word_1_416' title='bbox 1723 4226 1843 4275; x_wconf 90' lang='lat' dir='ltr'>summo</span> <span class='ocrx_word' id='word_1_417' title='bbox 1862 4211 1978 4295; x_wconf 86' lang='lat' dir='ltr'>templo</span> <span class='ocrx_word' id='word_1_418' title='bbox 1994 4212 2152 4279; x_wconf 91' lang='lat' dir='ltr'>conditum</span> 
     </span>
     <span class='ocr_line' id='line_1_35' title="bbox 409 4306 1807 4397; baseline -0.006 -17"><span class='ocrx_word' id='word_1_419' title='bbox 409 4316 442 4380; x_wconf 89' lang='lat' dir='ltr'>in</span> <span class='ocrx_word' id='word_1_420' title='bbox 465 4330 521 4397; x_wconf 91' lang='lat' dir='ltr'>spe</span> <span class='ocrx_word' id='word_1_421' title='bbox 542 4312 781 4379; x_wconf 72' lang='lat' dir='ltr'>roenmecttonis</span> <span class='ocrx_word' id='word_1_422' title='bbox 801 4312 928 4379; x_wconf 85' lang='lat' dir='ltr'>futurae</span> <span class='ocrx_word' id='word_1_423' title='bbox 948 4312 1125 4395; x_wconf 89' lang='lat' dir='ltr'>requiescit.</span> <span class='ocrx_word' id='word_1_424' title='bbox 1166 4312 1244 4396; x_wconf 85' lang='lat' dir='ltr'>Ejus</span> <span class='ocrx_word' id='word_1_425' title='bbox 1264 4311 1376 4395; x_wconf 79' lang='lat' dir='ltr'>effigiei</span> <span class='ocrx_word' id='word_1_426' title='bbox 1396 4311 1544 4394; x_wconf 83' lang='lat' dir='ltr'>Paganus</span> <span class='ocrx_word' id='word_1_427' title='bbox 1565 4310 1641 4375; x_wconf 89' lang='lat' dir='ltr'>baec</span> <span class='ocrx_word' id='word_1_428' title='bbox 1661 4306 1807 4393; x_wconf 86' lang='lat' dir='ltr'>subjecit:</span> 
     </span>
     <span class='ocr_line' id='line_1_36' title="bbox 892 4412 1558 4468; baseline -0.002 -1"><span class='ocrx_word' id='word_1_429' title='bbox 892 4414 1055 4468; x_wconf 73' lang='lat' dir='ltr'>Protunica</span> <span class='ocrx_word' id='word_1_430' title='bbox 1071 4428 1181 4467; x_wconf 74' lang='lat' dir='ltr'>corseas</span> <span class='ocrx_word' id='word_1_431' title='bbox 1198 4412 1298 4467; x_wconf 75' lang='lat' dir='ltr'>Pallae</span> <span class='ocrx_word' id='word_1_432' title='bbox 1319 4412 1446 4467; x_wconf 65' lang='lat' dir='ltr'>littorio</span> <span class='ocrx_word' id='word_1_433' title='bbox 1464 4412 1558 4466; x_wconf 72' lang='lat' dir='ltr'>ouium</span> 
     </span>
     <span class='ocr_line' id='line_1_37' title="bbox 925 4499 1482 4569; baseline -0.005 -14"><span class='ocrx_word' id='word_1_434' title='bbox 925 4500 962 4555; x_wconf 77' lang='lat' dir='ltr'>ra</span> <span class='ocrx_word' id='word_1_435' title='bbox 978 4500 1053 4555; x_wconf 79' lang='lat' dir='ltr'>actia</span> <span class='ocrx_word' id='word_1_436' title='bbox 1064 4499 1135 4567; x_wconf 69' lang='lat' dir='ltr'>ficit</span> <span class='ocrx_word' id='word_1_437' title='bbox 1151 4499 1258 4554; x_wconf 66' lang='lat' dir='ltr'>lom</span> <span class='ocrx_word' id='word_1_438' title='bbox 1274 4499 1375 4569; x_wconf 69' lang='lat' dir='ltr'>puseo</span> <span class='ocrx_word' id='word_1_439' title='bbox 1394 4500 1482 4568; x_wconf 77' lang='lat' dir='ltr'>typis:</span> 
     </span>
     <span class='ocr_line' id='line_1_38' title="bbox 891 4584 1573 4655; baseline 0 -14"><span class='ocrx_word' id='word_1_440' title='bbox 891 4588 982 4655; x_wconf 72' lang='lat' dir='ltr'>Atqu</span> <span class='ocrx_word' id='word_1_441' title='bbox 997 4587 1051 4651; x_wconf 83' lang='lat' dir='ltr'>ult,</span> <span class='ocrx_word' id='word_1_442' title='bbox 1075 4600 1196 4655; x_wconf 72' lang='lat' dir='ltr'>epactes</span> <span class='ocrx_word' id='word_1_443' title='bbox 1213 4586 1312 4641; x_wconf 61' lang='lat' dir='ltr'>caedo</span> <span class='ocrx_word' id='word_1_444' title='bbox 1328 4586 1445 4655; x_wconf 57' lang='lat' dir='ltr'>neapo</span> <span class='ocrx_word' id='word_1_445' title='bbox 1454 4584 1573 4654; x_wconf 72' lang='lat' dir='ltr'>form,</span> 
     </span>
     <span class='ocr_line' id='line_1_39' title="bbox 928 4672 1523 4743; baseline -0.007 -14"><span class='ocrx_word' id='word_1_446' title='bbox 928 4672 1080 4729; x_wconf 79' lang='lat' dir='ltr'>Fomutor</span> <span class='ocrx_word' id='word_1_447' title='bbox 1094 4672 1187 4743; x_wconf 69' lang='lat' dir='ltr'>pcepta</span> <span class='ocrx_word' id='word_1_448' title='bbox 1205 4678 1246 4726; x_wconf 85' lang='lat' dir='ltr'>eal</span> <span class='ocrx_word' id='word_1_449' title='bbox 1263 4673 1385 4741; x_wconf 73' lang='lat' dir='ltr'>optim</span> <span class='ocrx_word' id='word_1_450' title='bbox 1400 4672 1447 4727; x_wconf 80' lang='lat' dir='ltr'>ille</span> <span class='ocrx_word' id='word_1_451' title='bbox 1463 4672 1523 4725; x_wconf 74' lang='lat' dir='ltr'>mci.</span> 
     </span>
     <span class='ocr_line' id='line_1_40' title="bbox 894 4756 1559 4829; baseline 0 -16"><span class='ocrx_word' id='word_1_452' title='bbox 894 4756 917 4813; x_wconf 88' lang='lat'><em>0</em></span> <span class='ocrx_word' id='word_1_453' title='bbox 935 4765 1053 4827; x_wconf 72' lang='lat' dir='ltr'>quaeat</span> <span class='ocrx_word' id='word_1_454' title='bbox 1067 4774 1123 4829; x_wconf 83' lang='lat' dir='ltr'>pro</span> <span class='ocrx_word' id='word_1_455' title='bbox 1138 4774 1193 4825; x_wconf 76' lang='grc' dir='ltr'>ιιι,</span> <span class='ocrx_word' id='word_1_456' title='bbox 1212 4764 1315 4827; x_wconf 73' lang='lat' dir='ltr'>quanto</span> <span class='ocrx_word' id='word_1_457' title='bbox 1333 4758 1434 4813; x_wconf 79' lang='lat' dir='ltr'>sudore</span> <span class='ocrx_word' id='word_1_458' title='bbox 1452 4758 1559 4813; x_wconf 82' lang='lat' dir='ltr'>labores</span> 
     </span>
     <span class='ocr_line' id='line_1_41' title="bbox 927 4842 1623 4917; baseline 0 -18"><span class='ocrx_word' id='word_1_459' title='bbox 927 4844 1062 4911; x_wconf 83' lang='lat' dir='ltr'>Pertulit,</span> <span class='ocrx_word' id='word_1_460' title='bbox 1080 4845 1111 4901; x_wconf 81' lang='grc' dir='ltr'>ιἰι</span> <span class='ocrx_word' id='word_1_461' title='bbox 1126 4846 1232 4901; x_wconf 77' lang='lat' dir='ltr'>Martia</span> <span class='ocrx_word' id='word_1_462' title='bbox 1248 4844 1314 4899; x_wconf 79' lang='lat' dir='ltr'>daur</span> <span class='ocrx_word' id='word_1_463' title='bbox 1329 4846 1400 4917; x_wconf 74' lang='lat' dir='ltr'>repit</span> <span class='ocrx_word' id='word_1_464' title='bbox 1418 4844 1484 4901; x_wconf 79' lang='lat' dir='ltr'>urbe</span> <span class='ocrx_word' id='word_1_465' title='bbox 1502 4842 1623 4900; x_wconf 78' lang='lat' dir='ltr'>Scholas.</span> 
     </span>
    </p>
   </div>
   <div class='ocr_carea' id='block_1_3' title="bbox 408 5028 2153 5536">
    <p class='ocr_par' dir='ltr' id='par_1_3' title="bbox 408 5028 2153 5189">
     <span class='ocr_line' id='line_1_42' title="bbox 509 5028 2153 5103; baseline 0.001 -16"><span class='ocrx_word' id='word_1_466' title='bbox 509 5034 538 5103; x_wconf 84' lang='grc'>1)</span> <span class='ocrx_word' id='word_1_467' title='bbox 556 5032 636 5089; x_wconf 78' lang='grc' dir='ltr'>Ηιιιι</span> <span class='ocrx_word' id='word_1_468' title='bbox 653 5048 755 5089; x_wconf 75' lang='lat' dir='ltr'>annum</span> <span class='ocrx_word' id='word_1_469' title='bbox 772 5046 790 5089; x_wconf 85' lang='lat' dir='ltr'>a</span> <span class='ocrx_word' id='word_1_470' title='bbox 806 5028 886 5101; x_wconf 72' lang='lat' dir='ltr'>capu</span> <span class='ocrx_word' id='word_1_471' title='bbox 910 5030 1034 5087; x_wconf 69' lang='grc' dir='ltr'>οιιιίιιιι</span> <span class='ocrx_word' id='word_1_472' title='bbox 1054 5030 1151 5085; x_wconf 76' lang='lat' dir='ltr'>sumit</span> <span class='ocrx_word' id='word_1_473' title='bbox 1166 5028 1239 5099; x_wconf 82' lang='lat' dir='ltr'>uu;</span> <span class='ocrx_word' id='word_1_474' title='bbox 1267 5028 1316 5087; x_wconf 69' lang='lat' dir='ltr'>ud</span> <span class='ocrx_word' id='word_1_475' title='bbox 1340 5043 1434 5085; x_wconf 83' lang='lat' dir='ltr'>rerum</span> <span class='ocrx_word' id='word_1_476' title='bbox 1457 5044 1520 5087; x_wconf 74' lang='lat' dir='ltr'>aare</span> <span class='ocrx_word' id='word_1_477' title='bbox 1538 5028 1685 5085; x_wconf 83' lang='lat' dir='ltr'>hlllhlllV</span> <span class='ocrx_word' id='word_1_478' title='bbox 1713 5035 1742 5086; x_wconf 86' lang='lat' dir='ltr'>ot</span> <span class='ocrx_word' id='word_1_479' title='bbox 1765 5028 1888 5085; x_wconf 81' lang='lat' dir='ltr'>Annales</span> <span class='ocrx_word' id='word_1_480' title='bbox 1917 5029 1994 5085; x_wconf 61' lang='lat' dir='ltr'>aad.</span> <span class='ocrx_word' id='word_1_481' title='bbox 2018 5028 2153 5089; x_wconf 86' lang='lat' dir='ltr'>docente</span> 
     </span>
     <span class='ocr_line' id='line_1_43' title="bbox 408 5114 1214 5189; baseline -0.001 -15"><span class='ocrx_word' id='word_1_482' title='bbox 408 5118 514 5189; x_wconf 72' lang='lat' dir='ltr'>annni</span> <span class='ocrx_word' id='word_1_483' title='bbox 533 5133 641 5175; x_wconf 74' lang='lat' dir='ltr'>cumen</span> <span class='ocrx_word' id='word_1_484' title='bbox 657 5118 873 5187; x_wconf 59' lang='lat' dir='ltr'>mamiatoriom,</span> <span class='ocrx_word' id='word_1_485' title='bbox 891 5132 945 5186; x_wconf 87' lang='lat' dir='ltr'>quo</span> <span class='ocrx_word' id='word_1_486' title='bbox 963 5114 1063 5173; x_wconf 77' lang='lat' dir='ltr'>Stricti</span> <span class='ocrx_word' id='word_1_487' title='bbox 1080 5132 1146 5173; x_wconf 77' lang='lat' dir='ltr'>nans</span> <span class='ocrx_word' id='word_1_488' title='bbox 1164 5122 1214 5173; x_wconf 74' lang='lat' dir='ltr'>aaa</span> 
     </span>
    </p>

    <p class='ocr_par' dir='ltr' id='par_1_4' title="bbox 508 5204 818 5274">
     <span class='ocr_line' id='line_1_44' title="bbox 508 5204 818 5274; baseline -0.006 -14"><span class='ocrx_word' id='word_1_489' title='bbox 508 5206 538 5274; x_wconf 82' lang='lat'>2)</span> <span class='ocrx_word' id='word_1_490' title='bbox 557 5204 623 5261; x_wconf 77' lang='lat' dir='ltr'>eod</span> <span class='ocrx_word' id='word_1_491' title='bbox 641 5205 818 5260; x_wconf 51' lang='grc' dir='ltr'>Μῶφι.</span> 
     </span>
    </p>

    <p class='ocr_par' dir='ltr' id='par_1_5' title="bbox 507 5286 1864 5361">
     <span class='ocr_line' id='line_1_45' title="bbox 507 5286 1864 5361; baseline -0.003 -14"><span class='ocrx_word' id='word_1_492' title='bbox 507 5295 537 5360; x_wconf 78' lang='lat' dir='ltr'>ll)</span> <span class='ocrx_word' id='word_1_493' title='bbox 554 5292 608 5347; x_wconf 80' lang='lat' dir='ltr'>uit.</span> <span class='ocrx_word' id='word_1_494' title='bbox 626 5307 677 5361; x_wconf 82' lang='lat' dir='ltr'>por</span> <span class='ocrx_word' id='word_1_495' title='bbox 693 5306 814 5347; x_wconf 84' lang='lat' dir='ltr'>errorem</span> <span class='ocrx_word' id='word_1_496' title='bbox 830 5288 1001 5347; x_wconf 68' lang='lat' dir='ltr'>mulimturn</span> <span class='ocrx_word' id='word_1_497' title='bbox 1016 5288 1127 5359; x_wconf 76' lang='lat' dir='ltr'>scripdt</span> <span class='ocrx_word' id='word_1_498' title='bbox 1139 5286 1303 5345; x_wconf 68' lang='lat' dir='ltr'>numu.</span> <span class='ocrx_word' id='word_1_499' title='bbox 1337 5286 1381 5343; x_wconf 86' lang='lat' dir='ltr'>lla</span> <span class='ocrx_word' id='word_1_500' title='bbox 1399 5286 1461 5359; x_wconf 79' lang='lat' dir='ltr'>ipso</span> <span class='ocrx_word' id='word_1_501' title='bbox 1479 5304 1549 5345; x_wconf 84' lang='lat' dir='ltr'>nuno</span> <span class='ocrx_word' id='word_1_502' title='bbox 1567 5288 1644 5345; x_wconf 87' lang='lat' dir='ltr'>nulla</span> <span class='ocrx_word' id='word_1_503' title='bbox 1662 5294 1705 5345; x_wconf 87' lang='lat' dir='ltr'>ost</span> <span class='ocrx_word' id='word_1_504' title='bbox 1721 5288 1864 5345; x_wconf 80' lang='lat' dir='ltr'>dubitatio.</span> 
     </span>
    </p>

    <p class='ocr_par' dir='ltr' id='par_1_6' title="bbox 505 5376 1688 5536">
     <span class='ocr_line' id='line_1_46' title="bbox 505 5376 1688 5536; baseline -0.002 -15"><span class='ocrx_word' id='word_1_505' title='bbox 505 5379 538 5535; x_wconf 59' lang='grc'><strong>3</strong></span> <span class='ocrx_word' id='word_1_506' title='bbox 554 5376 805 5536; x_wconf 38' lang='lat' dir='ltr'>&amp;titum</span> <span class='ocrx_word' id='word_1_507' title='bbox 818 5494 853 5507; x_wconf 89' lang='lat'>-</span> <span class='ocrx_word' id='word_1_508' title='bbox 871 5463 1037 5534; x_wconf 64' lang='lat' dir='ltr'>musmo</span> <span class='ocrx_word' id='word_1_509' title='bbox 1052 5462 1088 5520; x_wconf 80' lang='lat' dir='ltr'>ab</span> <span class='ocrx_word' id='word_1_510' title='bbox 1105 5462 1168 5533; x_wconf 79' lang='lat' dir='ltr'>ipso</span> <span class='ocrx_word' id='word_1_511' title='bbox 1183 5460 1305 5519; x_wconf 83' lang='lat' dir='ltr'>llillcbio</span> <span class='ocrx_word' id='word_1_512' title='bbox 1323 5460 1353 5519; x_wconf 91' lang='lat' dir='ltr'>ln</span> <span class='ocrx_word' id='word_1_513' title='bbox 1370 5460 1493 5531; x_wconf 71' lang='lat' dir='ltr'>nuque</span> <span class='ocrx_word' id='word_1_514' title='bbox 1509 5459 1602 5519; x_wconf 77' lang='lat' dir='ltr'>additu</span> <span class='ocrx_word' id='word_1_515' title='bbox 1617 5466 1688 5519; x_wconf 87' lang='lat' dir='ltr'>sunl.</span> 
     </span>
    </p>
   </div>
   <div class='ocr_carea' id='block_1_4' title="bbox 0 0 2776 6980">
    <p class='ocr_par' dir='ltr' id='par_1_7' title="bbox 0 0 2776 6980">
     <span class='ocr_line' id='line_1_47' title="bbox 0 0 2776 6980; baseline 0 0"><span class='ocrx_word' id='word_1_516' title='bbox 0 0 2776 6980; x_wconf 95' lang='lat' dir='ltr'> </span> 
     </span>
    </p>
   </div>
  </div>
 </body>
</html>
