5534 6984
401 1004 479 1091 Eius
497 1004 580 1073 iconi
599 1020 674 1071 uero
694 1002 775 1070 haec
792 1000 926 1086 Eglinua

885 1096 950 1155 Hoc
969 1097 1136 1154 mamm
1159 1101 1220 1153 arat
1240 1094 1407 1167 apotomae
1422 1095 1541 1166 imupine
1558 1096 1657 1153 Dulcia

920 1185 1027 1241 Lustra
1043 1184 1085 1239 hia
1102 1188 1162 1239 octo
1177 1182 1294 1253 impleo
1312 1181 1471 1253 comopao
1481 1180 1506 1251 ¹)
1525 1198 1616 1249 aenou,

884 1272 1059 1341 unquam
1075 1270 1156 1326 camo
1172 1270 1316 1326 conones
1327 1268 1461 1325 idiomate
1475 1268 1576 1335 clarae,

919 1356 1076 1413 Horaiccoe
1091 1356 1182 1411 lomes
1199 1354 1277 1413 dalet
1294 1354 1428 1425 &eaeque
1445 1352 1599 1425 scholast)

1042 1615 1228 1686 Henricus
1254 1617 1503 1685 Hoffmannus

497 1772 597 1839 Jeuae
617 1771 827 1853 Duringornm
845 1776 938 1855 patre
957 1775 1053 1838 natus
1073 1789 1196 1856 rerum,
1218 1790 1300 1856 qnae
1319 1772 1551 1840 Mathematicis
1570 1776 1751 1839 tractantur
1773 1770 1960 1853 disciplinis,
1986 1770 2049 1837 illic
2068 1788 2142 1853 pro-

404 1872 540 1954 fessore,
567 1874 668 1937 tohrm
697 1889 733 1937 se
760 1870 871 1937 iisdem
900 1871 1024 1937 artibus
1051 1870 1200 1954 tradidit,
1233 1890 1329 1956 quum
1355 1873 1458 1940 isthoc
1484 1872 1651 1956 praecipue
1671 1870 1822 1953 flagraret
1842 1870 1949 1937 studio
1973 1875 2007 1937 et
2028 1874 2142 1936 natura

405 1970 607 2056 adjuvaretur
626 1970 805 2052 plurimum.
854 1970 991 2054 Ideoque
1017 1990 1088 2038 cum
1112 1972 1145 2037 in
1166 1971 1226 2037 hoc
1253 1971 1488 2055 disciphnamm
1513 1988 1628 2054 genere
1653 1970 1832 2052 excelleret,
1860 1970 1893 2035 in
1914 1968 1989 2036 aula
2009 1970 2143 2052 primum

407 2070 588 2138 Caesellaua
608 2069 821 2135 Mathematici
840 2076 948 2153 partes
969 2070 1119 2137 sustinuit
1130 2070 1169 2154 ⁸).
1210 2071 1255 2138 At
1272 2090 1348 2137 uero
1371 2089 1466 2155 quum
1486 2070 1702 2139 Hartmannus
1723 2069 1764 2134 nd
1785 2085 1907 2134 omnen
1924 2070 1988 2135 vim
2008 2068 2144 2137 variata

407 2176 531 2254 temque
540 2173 571 2252 ⁴)
593 2168 804 2251 Chymiatriae
820 2170 1032 2253 exphcaudam
1047 2170 1214 2237 traductus
1227 2177 1322 2255 esset,
1343 2171 1394 2240 hic
1408 2172 1602 2254 potissimum
1616 2169 1769 2251 Principis
1781 2168 1895 2250 judicio
1911 2172 1945 2234 et
1956 2168 2145 2236 Academiae

404 2274 530 2353 patrum
550 2286 626 2335 cura
646 2268 807 2335 adhibitura
829 2274 894 2352 est,
921 2270 976 2353 qui
996 2269 1192 2336 Mathemata
1212 2269 1378 2354 Marpurgi
1404 2275 1494 2337 extra
1522 2270 1661 2337 ordinem
1688 2269 1821 2335 doceret.
1862 2267 1926 2335 Sed
1947 2268 2030 2335 enim
2050 2286 2145 2351 quum

407 2386 492 2436 anno
509 2368 662 2435 iunctm
687 2367 857 2435 elenensi
878 2368 1048 2435 Academia
1072 2370 1115 2436 ad
1145 2369 1256 2436 eadem
1284 2370 1391 2436 studia
1420 2369 1586 2437 mactanda
1613 2372 1840 2449 accerseretur,
1868 2367 1971 2435 isthuc
1991 2368 2144 2451 Principis

404 2470 561 2552 permissu
580 2467 744 2535 coucesait.
786 2468 852 2535 Nee
870 2470 943 2535 sira
960 2468 1060 2535 solum
1080 2470 1113 2535 in
1131 2474 1264 2552 utroque
1279 2469 1402 2551 Lycaeo
1423 2470 1516 2535 hasce
1532 2468 1711 2553 disciplinas
1725 2468 1829 2535 docuit
1844 2486 1927 2550 soce,
1949 2468 2007 2535 sed
2019 2467 2144 2551 scriptis

404 2569 501 2635 etiam
520 2568 709 2662 propagarit
728 2572 762 2634 et
783 2567 1053 2638 lucubrationibus
1072 2568 1216 2652 easdem
1236 2570 1412 2653 cujusmodi
1434 2574 1510 2635 sunt
1530 2569 1657 2637 tihellus
1678 2570 1717 2637 de
1740 2567 1929 2651 odonna)

1061 2844 1225 2913 loannes
1250 2844 1491 2913 combachius

504 3004 575 3073 Nou
604 3006 743 3088 plebeius
777 3007 889 3090 aliquis
917 3007 1138 3093 philosophus,
1176 3007 1232 3076 sed
1262 3010 1296 3075 in
1326 3007 1502 3075 diuinarum
1535 3006 1629 3091 Juxta
1664 3010 1760 3089 etque
1788 3007 1995 3074 humanarum
2028 3008 2146 3075 artium

406 3104 633 3174 liberalissimis
654 3108 768 3173 studiis
795 3113 893 3191 atque
920 3108 1072 3175 doctrinis
1101 3110 1147 3175 ita
1170 3115 1332 3192 uersatus,
1361 3114 1397 3175 ut
1419 3107 1572 3175 infinitam
1597 3124 1678 3189 pene
1698 3106 1822 3173 illamm
1843 3108 1905 3173 vim
1926 3108 2147 3177 cimeterium

408 3206 540 3274 scienda
567 3208 837 3289 comprehenderit
864 3227 901 3275 ac
928 3210 1120 3293 cognitione,
1149 3208 1302 3276 Wetteris
1328 3214 1423 3273 natus
1451 3224 1533 3273 anuo
1560 3210 1674 3273 auato
1694 3204 1818 3272 Christo
1839 3204 2017 3273 MDXXOV
2038 3209 2146 3291 quinto

407 3304 553 3373 Decemh.
575 3306 628 3373 die
648 3325 668 3373 a
687 3307 816 3374 meridie
836 3308 920 3374 inter
941 3308 975 3375 11
993 3314 1027 3375 et
1046 3308 1094 3375 111
1114 3314 1148 3377 et
1167 3308 1201 3375 in
1220 3308 1333 3391 patriis
1359 3307 1511 3389 primum,
1541 3308 1614 3387 post
1641 3306 1737 3371 etiam
1763 3306 1795 3370 in
1824 3307 1941 3372 exteris
1967 3304 2147 3390 Gymnasiis

409 3405 558 3473 subtilius
578 3406 738 3490 eruditus,
760 3426 841 3489 quae
862 3413 1022 3474 oratorium
1040 3408 1269 3493 philologorum
1291 3412 1325 3473 et
1342 3406 1563 3473 historicorum
1584 3402 1791 3489 myrotheciis,
1809 3404 1944 3489 itemque
1957 3406 2146 3491 Aristotelis,

408 3506 689 3589 Peripateticorum
711 3512 745 3572 et
765 3506 1045 3591 Scholasticomm,
1067 3508 1154 3574 Petri
1173 3508 1264 3573 Rami
1286 3507 1382 3573 etiam
1404 3505 1544 3573 articulis
1567 3504 1782 3587 continentur,
1808 3506 1899 3587 quasi
1920 3506 1954 3571 in
1975 3507 2147 3575 visceribus

408 3606 549 3673 condidit
569 3624 607 3673 ac
625 3605 779 3673 medullis.
819 3608 923 3689 Atque
940 3604 999 3673 hoc
1018 3606 1145 3690 quidem
1158 3606 1253 3673 animi
1271 3606 1357 3673 cultu
1374 3623 1433 3673 ceu
1449 3604 1584 3690 quodam
1598 3602 1799 3671 humanitatis
1817 3604 1886 3672 cibo
1904 3604 1947 3671 ad
1968 3608 2147 3675 necessaria

408 3705 510 3789 magis
531 3710 566 3771 et
586 3706 732 3788 graviora
747 3704 802 3773 SS.
819 3704 1009 3787 Theologiae
1026 3706 1131 3773 studia
1145 3704 1283 3790 defluxit,
1303 3712 1340 3772 ut
1354 3706 1388 3771 in
1402 3705 1498 3772 rehus
1514 3704 1554 3771 ad
1571 3702 1703 3770 salutem
1717 3708 1878 3771 aeternam
1890 3705 1919 3789 ⁸)
1940 3706 2148 3775 attinentibus

409 3805 451 3872 ah
472 3806 576 3873 animo
597 3811 748 3887 tanquam
766 3804 806 3872 ah
828 3805 924 3871 oculis
945 3804 1051 3871 divim
1072 3806 1232 3889 aspirante
1253 3806 1357 3889 gratia
1378 3804 1549 3889 depelleret
1570 3803 1732 3885 calginem
1753 3806 1787 3869 et
1806 3801 1845 3869 de
1866 3804 1904 3869 iis
1926 3804 2002 3887 ipsis
2022 3806 2148 3874 erudire

409 3910 519 3990 posset
537 3911 632 3988 atque
655 3903 783 3970 Christo
804 3904 921 3971 lucrari
940 3904 1034 3986 alios,
1054 3922 1092 3971 eo
1112 3922 1189 3973 sane
1209 3922 1415 3989 progressus,
1444 3909 1482 3971 ut
1505 3904 1539 3970 in
1565 3903 1625 3969 hoc
1644 3902 1818 3969 studiorum
1844 3920 1958 3985 genere
1979 3906 2148 3989 licentiae,

412 4023 506 4088 quam
526 4004 702 4087 appellant,
724 4002 908 4087 dignitatem
929 4004 1109 4071 obtinuerit,
1153 4004 1361 4089 caeteroquin
1387 4005 1415 4071 is
1442 4004 1567 4088 quidem
1588 4004 1722 4084 primum
1742 4020 1824 4068 auno
1844 4000 1964 4070 Mncx
1990 4004 2053 4072 Jnl.
2073 4006 2148 4073 xiv

411 4108 503 4171 exha
516 4104 667 4187 ordinem,
677 4102 776 4189 (quod
787 4103 964 4169 ordinarius
978 4104 1066 4171 locus
1078 4124 1142 4171 nou
1157 4105 1303 4189 uacaret)
1314 4109 1466 4188 tanquam
1472 4100 1680 4185 Philosophus
1693 4101 1816 4184 publice
1823 4102 2003 4169 Aristotehs
2016 4104 2149 4173 moralia

411 4211 445 4271 et
463 4203 590 4286 politica
605 4203 760 4286 explicare
780 4204 889 4287 coepit,
908 4208 943 4269 at
961 4204 994 4269 in
1014 4204 1125 4270 intima
1141 4204 1340 4289 philosophia
1355 4205 1538 4288 depromere
1557 4202 1816 4283 consueverat’),
1837 4202 1937 4267 multa
1956 4201 2151 4273 humanitate

413 4302 549 4369 condire.
599 4302 643 4367 At
670 4302 868 4385 postmodum
894 4322 993 4387 quum
1024 4322 1059 4370 se
1089 4305 1256 4373 Goclenius
1283 4307 1390 4388 jnnior
1418 4302 1458 4372 ad
1488 4302 1729 4369 Mathematicus
1762 4300 1939 4383 disciphnas
1969 4305 2150 4373 tractandas

414 4401 615 4486 contulisset,
635 4420 718 4467 anno
741 4401 896 4469 thxn
916 4420 1024 4469 mensa
1043 4404 1209 4473 Decembri
1227 4406 1262 4473 in
1281 4404 1540 4491 Philosophorum
1561 4400 1790 4469 ordinariorum
1812 4400 1910 4468 classe
1930 4402 2098 4471 colonatus
2117 4404 2151 4471 iu

513 4648 542 4716 1)
559 4645 605 4702 Sic
622 4645 693 4715 Dil.;
712 4645 764 4715 leq.
786 4645 981 4718 Goamopoh'ta

512 4732 542 4801 a)
563 4732 639 4787 obiit
656 4731 732 4788 Ceth
749 4732 844 4789 Dulcis
861 4732 980 4789 Pistorio
997 4739 1070 4790 teate
1088 4732 1114 4791 d.
1132 4733 1188 4791 vn
1203 4732 1268 4791 Jun.
1286 4750 1311 4791 a
1331 4738 1413 4802 raam
1431 4734 1533 4792 Album
1549 4732 1626 4791 acad
1644 4732 1671 4788 d
1689 4732 1729 4789 Vl
1748 4732 1866 4789 exhibet.

512 4817 681 4895 claraco
704 4832 768 4876 eum
791 4818 820 4873 iu
844 4817 966 4888 coucam
989 4818 1156 4877 Mauriciano
1178 4821 1309 4891 praeside
1330 4821 1464 4879 Mauritio
1487 4821 1616 4891 Principe
1644 4821 1736 4877 theses
1762 4820 1967 4877 mathematicas
1990 4819 2151 4893 defendisse,

415 4902 544 4963 Camilia
561 4904 635 4975 typis
654 4905 816 4973 exscriptas,
835 4903 920 4959 tradit
935 4904 1060 4961 Bomnrel
1077 4906 1178 4963 (lescle.
1195 4925 1219 4965 r.
1239 4908 1346 4967 Bessan
1362 4908 1411 4966 VL
1427 4926 1456 4979 p.
1470 4910 1530 4965 Aac.
1547 4907 1725 4979 Marhurgnm
1741 4906 1849 4965 mamili
1864 4921 1890 4965 a.
1904 4909 1978 4963 1609.
2014 4906 2152 4969 serimus

415 4996 484 5047 uasta
501 4996 584 5047 autea
601 4989 765 5045 Haimatadii
780 4990 915 5049 mathesin
933 4991 1074 5061 protessus
1093 4998 1161 5051 erat

516 5076 655 5144 dlhocua
672 5076 806 5145 imaginis

516 5164 546 5228 n)
564 5162 701 5218 Alienon
715 5161 890 5231 stellanti,
913 5161 963 5219 aad
980 5162 1099 5233 spatium
1114 5180 1229 5221 uacuum
1249 5164 1368 5235 reliquit
1401 5165 1427 5221 A
1445 5164 1584 5223 Striedaro
1602 5181 1671 5222 unna
1688 5170 1833 5237 praciam
1851 5168 2074 5221 commemoratur
2091 5166 2151 5239 ojus

418 5244 500 5322 noo,
516 5247 648 5305 suerrus·
666 5248 849 5319 gemmea,
867 5248 955 5305 reum
974 5264 999 5305 ι
1018 5252 1088 5306 reae
1107 5249 1205 5307 eum.
1342 5228 1360 5257 ⁸

515 5334 546 5404 d)
562 5334 653 5391 Locum
671 5334 804 5405 imaginis.

517 5422 548 5491 7)
565 5421 643 5479 Haec
657 5421 740 5478 rerba
756 5420 913 5490 corruptela
928 5420 1055 5479 laborare
1071 5418 1203 5479 ridentur.

1925 5527 1963 5589 17
