5534 6984
2122 884 2169 957 95

443 1100 477 1159 et
497 1093 651 1161 demderio
675 1094 787 1177 periit,
813 1110 908 1175 quum
936 1108 1051 1158 annum
1074 1090 1208 1172 primum
1234 1090 1350 1155 mutis
1376 1095 1486 1171 ageret
1513 1090 1616 1173 XXX,
1643 1094 1692 1159 vir
1720 1094 1746 1160 si
1774 1091 1978 1161 cruditionem
1991 1092 2019 1173 ¹)
2048 1096 2170 1174 spectas

443 1190 576 1275 longiori
594 1193 662 1269 rita
679 1198 714 1259 et
733 1192 853 1259 meliori
872 1191 999 1259 iorturm
1019 1189 1234 1271 denisium,
1254 1188 1310 1255 sed
1329 1188 1590 1270 quemadmodum
1608 1192 1694 1259 canit
1714 1191 1767 1258 ille

785 1291 915 1375 Optioru
935 1310 1076 1373 quoqu
1092 1290 1183 1371 rupit
1202 1288 1280 1355 dori
1301 1288 1505 1371 resecem
1521 1289 1602 1372 soli

383 1450 388 1457 .
445 1390 536 1458 Unde
556 1391 650 1458 etiam
669 1390 801 1473 Eglinus
821 1390 899 1457 haec
919 1388 1017 1471 ipsius
1038 1388 1201 1470 assumpsit
1222 1386 1351 1468 imagini

469 1515 474 1524 ,
921 1487 1211 1557 nomem,
1232 1484 1661 1555 emmerammum

957 1574 1069 1628 Petraei
1086 1588 1244 1643 cnprcocm
1260 1572 1395 1641 conspicis
1413 1571 1551 1642 effipiam?

924 1658 988 1713 Herc
1004 1660 1118 1713 ιιιιιιιιιιι
1133 1658 1208 1713 citu
1224 1658 1327 1713 mech:
1345 1659 1376 1712 ia
1388 1658 1506 1727 flormu
1517 1658 1635 1726 juverto

957 1744 1079 1811 Occidit,
1097 1744 1252 1799 Hmiococ
1266 1758 1324 1799 noa
1338 1745 1397 1798 rinc
1414 1742 1491 1799 clodo
1504 1744 1620 1799 moloc.

445 1830 553 1897 Edidit
578 1833 703 1914 praeter
731 1829 797 1895 alia
815 1829 1016 1914 Philolopiro
1038 1836 1069 1897 ct
1088 1830 1235 1911 Portica,
1263 1830 1469 1913 Nocolopiom
1493 1830 1647 1912 integram
1675 1826 1796 1895 duobus
1826 1826 1919 1895 tonus
1943 1833 1979 1896 at
2005 1830 2175 1913 appendice

445 1930 580 2013 eleganti
599 1928 743 1995 methodo
764 1928 821 1995 CX
840 1930 1114 2025 diepototioas'bps
1140 1929 1409 2012 comprehensam:
1438 1930 1514 2011 quin
1541 1934 1575 1995 et
1601 1928 1825 1995 Imtitatiooes
1845 1928 2060 2013 chirurgicos,
2085 1928 2174 2013 jussu

446 2030 598 2112 Principis
627 2028 735 2112 lingua
763 2028 931 2096 remaonls
958 2028 1000 2093 ad
1029 2034 1157 2112 captum
1180 2028 1380 2113 operantium
1409 2026 1527 2095 affabre
1555 2032 1753 2095 constructas
1784 2033 1818 2093 ct
1844 2027 1906 2093 alia
1933 2026 2025 2095 istius
2051 2029 2174 2112 generis

446 2130 536 2213 plura
556 2128 718 2211 editurus,
746 2128 775 2195 si
794 2128 1020 2212 supervixisset
1040 2128 1191 2211 amplius,
1220 2146 1276 2195 nec
1305 2144 1383 2210 quos
1413 2146 1525 2210 magno
1546 2128 1649 2194 studio
1670 2132 1871 2211 congesserat
1885 2126 2020 2210 lebetes,
2045 2127 2087 2195 ab
2107 2128 2175 2207 eliis

445 2228 563 2294 furtiva
584 2244 680 2294 manu
700 2227 760 2295 sub
781 2228 885 2311 ipsum
899 2227 965 2311 jam
982 2228 1145 2295 morientis
1164 2228 1327 2297 articulum
1348 2227 1503 2295 subtracti
1523 2225 1663 2295 inissent.

1106 2508 1270 2575 loannes
1294 2507 1506 2576 Moltherus

1262 2622 1360 2680 Juuior

542 2742 716 2811 Medicinae
729 2742 849 2811 Doctm
868 2748 902 2811 et
919 2742 1095 2828 Professor,
1115 2750 1209 2813 natus
1224 2743 1431 2829 Grumbergae
1443 2744 1614 2811 Hessornm
1626 2760 1708 2811 anno
1723 2761 1817 2811 aerae
1830 2742 2025 2813 Christianae
2038 2744 2175 2813 MDXOI

446 2846 496 2915 die
516 2842 638 2912 XXIIX
656 2842 765 2910 Martii
784 2844 842 2913 sub
862 2841 970 2911 horam
988 2843 1156 2911 secundam
1171 2845 1359 2913 matutinam
1376 2850 1469 2927 patre
1488 2843 1610 2912 loanne
1624 2842 1780 2911 Molthero
1802 2848 1870 2911 tum
1892 2846 2042 2929 temporis
2063 2846 2176 2913 ibidem

445 2944 633 3012 Ecclesiaste
652 2947 685 3009 et
704 2949 817 3027 postea
838 2947 871 3008 in
891 2942 1112 3027 Marpurgeusi
1131 2944 1300 3011 Academia
1320 2944 1502 3011 Molossore
1522 2943 1680 3027 Theologo
1702 2943 1863 3027 Hebraeo,
1888 2944 1955 3010 viro
1978 2944 2120 3013 doctrina
2142 2950 2176 3013 et

446 3046 566 3127 pictate
586 3043 800 3124 ornatissimo,
827 3042 882 3123 qui
902 3048 1003 3109 totum
1022 3043 1100 3111 hene
1120 3044 1244 3111 vivendi
1265 3046 1327 3113 ιίιιι
1352 3046 1386 3111 in
1408 3044 1525 3113 christi
1545 3045 1720 3127 cognitione
1741 3050 1840 3126 atquc
1862 3062 1965 3111 rerum
1986 3044 2174 3111 caducarum

446 3144 677 3226 contemptione
696 3148 731 3209 et
752 3142 957 3224 despicientia
977 3142 1122 3225 ponebat.
1163 3144 1267 3227 Atque
1285 3144 1336 3211 hic
1356 3145 1484 3227 quidem
1504 3162 1617 3227 quum,
1639 3143 1724 3227 quod
1743 3144 1851 3226 optimi
1870 3142 1974 3211 solent
1994 3148 2116 3229 patres,
2138 3162 2175 3211 eo

446 3260 553 3310 curam
574 3242 854 3325 cogitationemque
875 3240 1072 3323 dirigendam
1093 3243 1294 3325 exhtimaret,
1317 3249 1354 3309 ut
1374 3242 1489 3311 hberos
1510 3263 1575 3309 nou
1596 3248 1661 3309 tam
1681 3241 1840 3325 lortunae,
1859 3260 1953 3325 quam
1974 3244 2068 3310 ammi
2087 3244 2176 3313 bonis

446 3341 617 3425 locupletes
639 3345 795 3422 cerneret,
820 3340 917 3407 etiam
937 3341 1019 3408 hunc
1037 3341 1135 3409 filium
1155 3362 1260 3425 suum,
1288 3344 1371 3409 inter
1393 3349 1529 3425 quatuor
1548 3342 1733 3424 superstites
1761 3347 1836 3407 natu
1857 3343 2000 3425 tertium,
2027 3344 2177 3425 singulari

446 3441 609 3523 diligentia
627 3439 844 3523 Philosophiae
864 3442 1000 3523 primum
1020 3447 1054 3508 ct
1072 3442 1184 3509 deiude
1200 3442 1373 3509 Medicinae
1395 3442 1617 3523 emancipavit:
1637 3440 1671 3505 in
1691 3440 1803 3523 quibus
1825 3441 1945 3507 artibrm
1965 3440 2011 3507 ita
2032 3448 2176 3511 remotum

447 3548 513 3624 est,
533 3547 572 3607 ut
589 3540 714 3607 illarum
733 3557 814 3623 pene
832 3539 987 3606 infinitam
1007 3541 1070 3607 um
1092 3547 1127 3606 et
1144 3542 1307 3607 maurium
1322 3541 1452 3607 scientia
1472 3545 1506 3605 ct
1525 3540 1701 3621 cognitione
1719 3539 1912 3622 complexus,
1933 3540 2176 3609 annoMDCllX

447 3641 498 3708 die
518 3640 578 3707 VII
595 3640 740 3707 lanuarii
770 3658 791 3705 a
817 3640 1018 3705 celeberrimo
1042 3639 1258 3722 Philosophiae
1285 3642 1492 3707 Antecessore
1512 3638 1674 3721 liudolpho
1696 3638 1842 3707 Goelenio
1865 3629 2007 3723 S'eniore,
2042 3640 2092 3707 cui
2116 3643 2177 3709 riri

447 3742 533 3810 docti
550 3758 607 3825 per
628 3742 803 3807 universam
823 3740 1023 3807 (immanium
1044 3738 1191 3824 quicquid
1211 3739 1277 3807 iera
1296 3740 1413 3807 habent
1442 3740 1624 3807 eruditionis
1650 3743 1802 3823 tanquam
1828 3740 2026 3823 praeceptori
2053 3741 2178 3825 debent,

447 3841 666 3925 Philosophiae
687 3846 720 3907 ct
740 3859 821 3906 auno
841 3838 1037 3923 postmodum
1057 3837 1191 3907 ncxnl
1210 3840 1262 3905 die
1281 3840 1328 3907 IX
1347 3840 1437 3907 Febr.
1465 3855 1485 3906 a
1511 3837 1634 3905 loannc
1658 3838 1846 3905 Hartmanni
1868 3838 2080 3923 chymiatriae
2099 3841 2176 3909 Pro

381 3945 386 3959 “
448 3942 569 4011 lessme
589 3940 760 4008 chrissimo
780 3938 954 4006 Medicinae
973 3940 1109 4023 Ductor,
1129 3956 1193 4005 non
1213 3940 1280 4007 sine
1302 3939 1485 4007 eruditionis
1506 3944 1539 4005 et
1557 3938 1730 4005 industriae
1749 3939 1939 4023 testimonio,
1963 3940 1996 4006 in
2008 3938 2176 4008 Academia

449 4042 667 4127 Mnrpurgeusi
687 4039 811 4123 publice
831 4040 1078 4107 renuntiaretur.
1129 4038 1293 4107 Gmterum
1320 4058 1389 4107 cum
1415 4039 1540 4121 ingenio
1568 4042 1654 4105 esset
1681 4038 1723 4105 ad
1741 4036 1981 4105 Mathematicus
2000 4044 2086 4107 arms
2113 4058 2176 4107 non

449 4142 551 4209 minus
577 4145 651 4224 apto
678 4144 771 4223 nato,
800 4156 892 4222 quam
919 4141 952 4205 in
979 4139 1166 4206 Medicinam
1193 4138 1338 4222 proclivi,
1371 4138 1555 4221 illarumque
1582 4138 1729 4204 notitiam
1757 4156 1821 4205 non
1847 4137 2091 4223 perhmctoriam
2118 4145 2177 4207 aut

449 4242 611 4324 umorem
631 4239 730 4307 multo
749 4238 808 4305 sibi
828 4238 898 4305 oleo
926 4243 961 4305 et
985 4256 1082 4321 opera
1108 4244 1333 4321 comparasset,
1362 4244 1528 4320 utrumqne
1556 4236 1730 4305 studiorum
1757 4256 1855 4321 geum
1883 4240 1951 4322 pari
1979 4238 2177 4307 contentione

449 4340 513 4407 sibi
539 4339 705 4407 uidebatur
737 4356 884 4421 umarus,
918 4344 952 4405 et
981 4338 1122 4421 apprime
1159 4338 1193 4405 in
1225 4338 1280 4421 iis,
1316 4354 1398 4420 quae
1432 4338 1474 4405 ad
1508 4338 1732 4408 methcmatum
1764 4338 2005 4407 illustrationem
2038 4337 2176 4407 lacerent

450 4440 698 4507 allaboraturus:
725 4438 890 4521 imperauit
910 4442 1015 4504 tamen
1036 4437 1140 4503 animo
1159 4455 1232 4519 suo,
1261 4442 1297 4503 ut
1316 4437 1510 4505 scarheimis
1530 4443 1563 4505 et
1580 4437 1795 4521 pellacissimis
1815 4438 2043 4507 Mathematum
2062 4438 2175 4506 studiis

450 4540 614 4623 sepositis,
633 4538 804 4605 Medicinae
823 4537 981 4605 docendae
1001 4536 1254 4618 hedtandaeque
1276 4538 1376 4619 magis
1397 4540 1532 4603 vacaret.
1584 4536 1691 4603 Edidit
1717 4536 1843 4603 interim
1871 4556 1890 4605 e
1910 4538 2069 4606 nonnullis
2094 4556 2175 4622 qnae

450 4638 636 4721 conscripsit
662 4638 818 4721 opusculis
843 4636 1073 4703 Mathematicis
1097 4641 1269 4703 troctotam
1297 4636 1337 4703 de
1361 4636 1591 4719 Daplicotiooe
1618 4636 1698 4703 cudi
1746 4636 1986 4722 Posteaquam
2013 4638 2175 4707 clarissimi

449 4736 624 4804 Medicinae
642 4736 835 4821 professores
848 4736 1000 4803 Hauricus
1012 4734 1161 4801 Petraeus
1178 4739 1212 4802 et
1230 4733 1346 4802 Paulus
1359 4734 1509 4803 ernanus
1529 4737 1572 4801 ad
1589 4736 1696 4817 plures
1715 4736 1883 4820 abiissent,
1902 4737 1993 4805 Auno
2010 4737 2175 4805 MDCXXI

451 4838 484 4904 in
511 4836 680 4903 eorundem
706 4836 860 4903 shdones
893 4838 1090 4918 surrogatus,
1128 4840 1195 4902 tum
1220 4852 1328 4901 curam
1355 4835 1617 4917 inspectionemue
1646 4834 1795 4903 medicum
1823 4836 1975 4921 maiorum
2001 4838 2034 4903 in
2059 4836 2175 4905 Hassis

449 4934 710 5019 ilosouomiorum,
729 4940 796 5003 tum
807 4953 919 5002 munus
931 4935 964 5001 in
979 4934 1146 5001 Academia
1159 4934 1316 5001 ordinarie
1328 4934 1497 5019 profitendi
1510 4932 1696 5003 Medicinam
1707 4937 1851 5021 suscepit.
1892 4938 1984 5003 hnno
1999 4936 2173 5021 mnequanti

450 5036 600 5119 rigesim
626 5035 764 5103 secundo
782 5034 1013 5103 Decurionatus
1043 5035 1076 5101 in
1107 5033 1259 5103 facultate
1284 5034 1406 5101 medica
1433 5034 1474 5099 ad
1500 5034 1600 5119 ipsum
1625 5040 1674 5103 cst
1698 5035 1877 5105 devolutus:
1899 5034 2068 5121 eodemque
2092 5054 2173 5105 anno

548 5254 578 5408 g
594 5254 982 5411 &wamma
1018 5342 1121 5397 Veram
1138 5340 1302 5409 compositus
1325 5346 1369 5397 ast
1385 5356 1402 5397 e
1421 5340 1495 5411 virg.
1513 5340 1610 5412 Georg.
1636 5342 1682 5413 llI,
1699 5342 1819 5399 66-682·
1849 5340 1966 5415 Optimo·
1977 5360 2099 5417 puocpuc
2117 5344 2173 5402 dica

449 5426 1164 5569 mmmmmcmoeanc
1185 5424 1733 5499 mrtitirdsqacscacctasEtlnbor,
1756 5428 1888 5487 ecdoroe
1908 5432 2174 5505 rapitiurlcarcaa'o
