5534 6984
2108 816 2175 889 131

442 1022 521 1093 open
541 1010 609 1087 ret,
627 1000 810 1071 borridum
828 1000 968 1085 eodm
988 998 1179 1083 ganemu.
1226 1000 1325 1084 (iuius
1343 999 1576 1085 imprudeudee
1595 1020 1666 1071 eum
1687 1002 1780 1087 paulo
1801 1004 1995 1087 postumio,
2022 1005 2079 1073 sed
2103 1020 2176 1077 sero

440 1106 608 1192 poenituit
647 1102 767 1184 Suopte
787 1102 885 1183 igitur
902 1106 1030 1183 sumptu
1048 1100 1083 1167 in
1101 1098 1228 1165 Italian
1242 1098 1401 1181 proiectus
1423 1105 1484 1183 est,
1502 1100 1631 1184 eiusque
1651 1102 1734 1169 bona
1751 1109 1844 1187 perte
1864 1108 2036 1187 peragrate
2052 1105 2179 1191 lingone

439 1206 617 1290 cognitione
636 1201 821 1269 instructior
839 1199 1018 1267 moranno
1033 1198 1192 1265 Gentem
1209 1216 1376 1267 excunere
1385 1200 1570 1283 Galilaeque
1587 1206 1710 1285 partem
1729 1202 1923 1286 perlustrare
1940 1206 2101 1291 commui,
2120 1208 2180 1275 suti

440 1304 618 1391 prohibitus
636 1300 817 1382 obsidione,
842 1317 926 1383 quae
946 1304 1024 1365 tunc
1041 1298 1164 1367 ciminii
1181 1316 1205 1365 e
1223 1298 1370 1366 Subando
1391 1299 1589 1382 imminebat,
1616 1302 1776 1383 proposito
1794 1308 1917 1371 mutato
1937 1322 1996 1387 per
2014 1306 2180 1375 RbnetIam

439 1404 680 1486 Heluetiamque
699 1401 857 1467 Besalem
875 1396 1028 1481 tetmdit,
1056 1398 1111 1465 ubi
1130 1416 1202 1465 cum
1221 1398 1370 1465 Doctoris
1391 1398 1506 1465 Medici
1527 1398 1621 1467 titulo
1648 1400 1706 1467 sub
1725 1400 1837 1469 Fetus
1860 1402 1979 1471 Platori
1998 1404 2180 1491 Rectorem,

441 1503 580 1571 'I'bornoe
597 1502 706 1569 Eresti
727 1501 891 1567 Decem
917 1516 939 1563 a
963 1496 1129 1565 Theodoro
1156 1496 1312 1580 Zuiugero
1338 1498 1460 1565 solenni
1488 1516 1575 1567 more
1594 1501 1762 1567 decomtus
1780 1506 1885 1585 esset,
1912 1502 2122 1587 bierpurgum
2143 1518 2180 1575 se

439 1604 558 1687 recepit
577 1602 685 1685 ibique
703 1618 762 1683 per
779 1597 941 1665 hammum
959 1596 1108 1665 bruhta
1127 1596 1284 1663 Medicina
1303 1614 1434 1665 uxorem
1454 1598 1609 1667 Imebam
1630 1600 1823 1683 Gumpelinm
1846 1603 1952 1686 duxit,
1975 1610 2008 1670 et
2028 1604 2088 1671 sub
2108 1606 2180 1688 ipse

439 1703 604 1787 Gymnasii
615 1699 845 1768 Herbornens'ur
858 1697 1046 1765 mwnabule
1064 1697 1097 1763 iu
1109 1697 1262 1764 comitutu
1275 1697 1446 1765 Nasnorico
1459 1698 1593 1783 prunum
1607 1700 1733 1783 quidem
1746 1702 1840 1769 aulici
1854 1702 1967 1771 medei
1979 1702 2180 1787 bmetrrgre

440 1807 475 1871 et
493 1800 690 1882 Braunlein,
710 1796 824 1865 deinde
835 1795 1130 1881 etiamprodoesorie
1149 1796 1268 1881 physici
1280 1803 1390 1881 partes
1410 1797 1598 1867 Harboruae
1619 1802 1756 1884 marepit
1777 1800 2042 1885 iimtorntumque
2060 1802 2178 1871 ibldn

440 1908 493 1970 ter
513 1902 613 1987 gessit
631 1898 751 1983 primus
770 1915 789 1962 e
807 1895 1023 1979 professorum
1043 1896 1153 1963 ordine
1172 1896 1293 1965 electus
1310 1898 1436 1965 licetur.
1488 1899 1570 1965 tiam
1594 1904 1671 1967 ente
1698 1900 1800 1983 ipsum
1821 1901 1881 1968 duo
1903 1900 2018 1969 illustr.
2042 1902 2180 1971 Comites

440 2002 525 2071 alter
544 2000 586 2067 ab
599 1998 730 2082 Ranae,
751 1998 834 2063 alter
854 1996 1039 2063 aBeutbeur
1058 1996 1150 2063 electi
1169 1996 1266 2064 luere
1307 1998 1467 2066 Paulatim
1487 1998 1611 2083 deinde,
1632 2004 1669 2065 ut
1689 1996 1758 2067 lieri
1778 1999 1868 2083 solet,
1886 2000 2020 2085 plurium
2036 2002 2180 2071 aularum

440 2102 554 2169 notitia
574 2098 714 2179 termut
735 2096 850 2179 quibus
870 2094 1005 2163 Pincieri
1026 2114 1123 2180 opera
1139 2111 1197 2181 per
1216 2114 1318 2165 annon
1337 2096 1446 2165 XXIII
1465 2098 1538 2165 usui
1557 2096 1628 2165 fult.
1669 2094 1766 2167 Hisce
1785 2098 1910 2183 elapsis,
1930 2117 2023 2184 quum
2037 2100 2179 2171 Ioannes

441 2200 613 2268 Nassoriue
640 2212 743 2264 comes
770 2214 811 2263 ex
840 2196 900 2263 bac
928 2196 1054 2263 mortali
1087 2196 1155 2263 uita
1185 2196 1219 2263 in
1254 2196 1419 2264 coelestem
1449 2198 1619 2281 migrasset
1642 2194 1807 2283 *petisque
1839 2200 1966 2283 imupsr
1994 2199 2180 2269 Herbornee

441 2301 591 2383 ingmene
603 2296 806 2380 Gymnasium
820 2296 970 2382 Sigeuam
985 2296 1206 2381 compulisset,
1225 2296 1385 2365 Pincierus
1406 2298 1521 2363 astaus
1541 2297 1575 2363 in
1594 2298 1715 2365 senium
1736 2298 1894 2381 vergentis
1914 2298 2181 2385 mortalitateque

439 2417 560 2468 memor
584 2415 714 2463 uxorem
742 2402 775 2461 et
802 2396 920 2462 liberos
947 2394 1154 2479 Marpurgum
1181 2396 1355 2463 manmit.
1405 2396 1474 2476 Quo
1500 2414 1570 2463 cum
1595 2398 1734 2465 venisset
1761 2398 1952 2467 abiauritio
1972 2398 2117 2483 Principe
2138 2400 2181 2467 ad

438 2500 662 2585 procerior·
672 2495 827 2562 Medicam
842 2496 904 2561 luit
918 2501 1057 2578 rocetos,
1077 2494 1134 2562 sed
1147 2496 1295 2578 quouim
1308 2495 1355 2563 illi
1371 2512 1496 2563 annua
1515 2501 1587 2562 erat
1608 2498 1785 2583 ε’γχείρησις
1803 2499 1990 2581 anatomici,
2008 2500 2180 2567 ecuoesoriu

437 2600 581 2667 modeste
613 2602 758 2679 recnseto
789 2600 918 2679 praeter
956 2595 1132 2679 opiuiouuu
1165 2594 1332 2679 priucipali
1363 2594 1480 2662 excidit
1515 2614 1647 2679 quoque.
1703 2596 1752 2663 Ne
1786 2615 1861 2665 vero
1895 2598 2042 2665 immunis
2079 2603 2113 2666 et
2143 2600 2178 2667 in

439 2701 507 2767 otio
533 2698 643 2763 vivens
671 2696 794 2763 otiosus
820 2700 923 2778 esset,
947 2694 1114 2780 fabricem
1141 2697 1286 2777 eorporis
1316 2694 1451 2763 bomani
1479 2692 1664 2763 hexametro
1695 2696 1863 2781 descripsit
1894 2696 2030 2765 carmide
2062 2698 2180 2781 otiiuue

437 2796 678 2882 biarpurgeusis
703 2794 795 2861 titulo
819 2794 1004 2878 inscriptam
1030 2794 1191 2861 inlunem
1217 2794 1338 2878 emisit,
1370 2792 1467 2878 idque
1495 2794 1528 2861 iu
1555 2812 1625 2861 eum
1649 2796 1847 2879 potissimum
1875 2794 1984 2881 finem,
2014 2814 2055 2863 ue
2076 2814 2180 2865 rerum

388 2903 401 2925 ⁶
438 2898 684 2965 anatomicamm
714 2894 912 2977 ignoratione
940 2893 1080 2959 oblatam
1109 2894 1300 2980 provinciam
1328 2890 1559 2977 subterfugisse
1585 2892 1757 2962 videretur.
1814 2896 1944 2981 Aliquot
1980 2896 2070 2964 annu
2104 2902 2180 2981 post

437 2995 596 3082 physicam
619 2998 759 3079 mortam
779 2992 933 3077 Principis
961 2994 1141 3076 dignatione
1168 2998 1281 3059 nactus
1309 2996 1412 3071 estu.
1465 2990 1650 3061 Herboruae
1678 3000 1784 3063 autem
1813 2995 1931 3079 degens
1954 2994 2132 3080 Ερλαενιιιιι
2159 3014 2181 3065 a

439 3094 576 3181 Georgio
596 3094 789 3163 Buchauauo
807 3094 932 3161 heroico
958 3094 1096 3161 carmine
1119 3092 1241 3159 contcai
1268 3098 1427 3176 coeptum,
1458 3093 1590 3161 necdum
1618 3094 1811 3179 absolutam,
1838 3094 1932 3162 simili
1954 3096 2106 3164 emmonis
2125 3094 2180 3163 iilo

436 3196 605 3283 pertexuit.
646 3192 763 3262 Postea
783 3192 867 3261 Guil.
886 3192 949 3259 Ad.
970 3191 1166 3263 Scribonium
1182 3192 1392 3277 perpellente
1414 3190 1576 3279 Superum
1595 3215 1660 3277 per
1688 3216 1807 3279 αριιιιιιι
1824 3192 1993 3281 frigiatam
2012 3194 2181 3281 frigidm

440 3294 637 3383 defessores
657 3293 779 3363 duobus
799 3292 917 3363 libeliis
937 3312 975 3359 er
995 3291 1161 3359 Intervallo
1179 3292 1271 3359 editis
1287 3290 1346 3357 sub
1363 3286 1475 3359 fictitio
1494 3292 1592 3375 ignoti
1609 3294 1753 3361 veniatis
1766 3294 1893 3379 petroni
1906 3294 2031 3363 nomine
2047 3294 2179 3365 latitans

439 3396 598 3465 semlant.
641 3390 844 3463 Ootoebmeos
864 3394 977 3475 etim,
1000 3410 1093 3475 quom
1106 3390 1406 3475 Heidelbergeusem
1426 3395 1556 3475 vocent,
1574 3394 1800 3477 paraphrasis
1814 3396 1975 3477 poetimm
1995 3392 2180 3463 Herbornae

439 3494 648 3577 concinnavit
664 3493 842 3580 publieique
858 3492 939 3576 juris
957 3490 1041 3574 lecit,
1062 3490 1112 3557 cui
1131 3495 1348 3557 suceesmruut
1367 3486 1413 3557 Ν
1425 3488 1652 3575 Aeoipmatom
1672 3490 1725 3559 lib.
1747 3512 1815 3561 cum
1837 3490 2044 3562 solutionibus
2062 3494 2178 3579 purtim

439 3615 552 3681 prosa,
578 3596 696 3679 purtim
716 3594 816 3678 ligata
838 3593 981 3659 oratione
1002 3590 1121 3674 scripti
1162 3589 1235 3657 ouo
1256 3586 1479 3673 Marpurgeusi
1507 3590 1654 3674 evulgato
1681 3594 1791 3661 statim
1811 3594 1959 3679 Purergo
1979 3595 2180 3681 Philologico

440 3697 497 3765 otii
518 3695 657 3779 ciusdem
681 3694 798 3779 adjecit
823 3698 858 3759 et
876 3700 994 3776 poimu
1017 3692 1058 3759 de
1085 3690 1214 3757 caimos
1236 3690 1412 3757 rationulis
1432 3692 1557 3777 origiue
1585 3697 1620 3761 et
1644 3692 1731 3761 stud
1758 3694 1798 3762 de
1824 3694 2009 3763 humoribus
2033 3698 2179 3781 corporis

439 3798 590 3864 temoni:
616 3794 705 3861 aiud
723 3795 799 3861 item
820 3794 860 3861 de
880 3792 1066 3877 spiritibea
1091 3789 1240 3857 universa
1258 3789 1385 3857 heroico
1411 3790 1634 3875 comprehense
1653 3793 1800 3861 carmine.
1848 3794 1886 3861 In
1913 3794 2047 3879 effigiem
2072 3800 2179 3864 autem

440 3896 575 3965 Pincicrr
597 3894 745 3979 Egluuus:
921 3972 1001 4031 Am
1018 3970 1300 4039 ΝΜ,
1317 3968 1502 4043 m
1517 3972 1665 4044 mm

923 4056 1699 4215 emmiu-mmm

958 4228 1554 4301 mummoleno-asareem

1088 4492 1302 4576 Gregorius
1324 4494 1530 4564 Scbbuleld

1259 4600 1358 4659 lnior

540 4744 754 4827 Wuttebergae
778 4746 870 4827 patre
889 4742 1042 4827 Gregorio
1063 4739 1222 4827 Theologo
1251 4750 1348 4812 natus
1377 4743 1526 4814 cusulo
1556 4742 1700 4827 tyrocinii
1723 4744 1831 4827 poculi
1858 4742 2036 4811 rudImenta
2062 4746 2178 4827 partim

444 4844 502 4913 sub
527 4844 661 4929 priuatis
686 4842 958 4927 praeceptoribus,
987 4844 1103 4927 partim
1130 4844 1226 4911 etiarn
1255 4844 1290 4911 in
1316 4843 1425 4912 subola
1449 4842 1552 4911 eulina
1580 4842 1819 4928 Cassellaw),
1846 4844 1945 4911 stab
1972 4842 2022 4911 bis
2048 4844 2178 4927 puerilis

540 5095 569 5163 1)
586 5094 650 5151 Ter.
667 5091 722 5149 Ad.
739 5092 774 5163 ll,
794 5096 818 5165 t,
838 5097 867 5149 l:
885 5094 943 5149 Aba
960 5094 1051 5164 quiuis
1067 5093 1189 5160 bonine,
1207 5096 1316 5163 μοικαί
1331 5106 1418 5163 opus,
1438 5090 1593 5162 beneficium
1610 5093 1733 5163 occipere
1748 5088 1879 5165 gnadun

538 5176 570 5251 Ξ)
587 5174 649 5237 linc
662 5178 764 5236 motum
782 5186 825 5237 ert
839 5195 863 5236 a
879 5182 962 5248 18193
986 5176 1127 5235 autom
1143 5174 1319 5248 liarburgum
1336 5184 1500 5248 pervenerat
1514 5192 1533 5233 e
1547 5172 1680 5235 Suiederi
1705 5176 1833 5249 omnious
1849 5192 1875 5236 e.
1894 5174 1975 5244 itote
1992 5180 2117 5235 mortuus
2135 5181 2178 5235 est

442 5280 467 5321 ι
492 5270 570 5423 miti
587 5350 755 5410 Sebbuleldii
772 5350 869 5421 imago.
889 5380 920 5393 -
939 5348 1017 5417 Quod
1033 5348 1157 5405 &murel
1174 5348 1271 5405 Gercb.
1289 5366 1315 5407 ι.
1333 5348 1441 5407 limen
1457 5350 1498 5407 VI
1520 5366 1547 5421 p.
1565 5352 1617 5407 tue
1642 5349 1823 5419 cnpmoaio
1848 5356 1960 5408 ausura
1983 5364 2046 5407 eum
2062 5364 2088 5408 e.
2109 5352 2174 5408 ltili

444 5436 553 5497 octobr
568 5440 675 5497 rutae
692 5439 874 5509 inspectorem
893 5436 978 5493 uaso
998 5436 1091 5507 trudit,
1108 5436 1138 5493 le
1154 5450 1247 5493 errore
1262 5442 1398 5506 renatum
1424 5436 1458 5494 ci.
1474 5436 1595 5509 Hmtwig
1612 5435 1630 5493 I
1649 5436 1667 5494 l.
1685 5452 1713 5507 p.
1731 5438 1774 5493 ul.
